2714 5190
246 700 481 768 HISTORIAE
499 699 780 770 BYZAN'I'INAE
799 701 969 776 xxlvu,
1056 696 1160 770 1141

49 865 234 951 δκκλησίας,
260 865 305 951 μὴ
328 861 403 940 εἶναι
425 865 582 953 διαφοράν
602 863 713 942 οὐσίας
731 867 782 932 καί
805 862 955 952 ἐνεργείας
980 863 1033 953 ἐφ’
1056 861 1157 951 διπλῆς
1171 880 1201 932 Δ.
1212 883 1240 934 c.
1252 879 1318 936 1³51

51 973 104 1036 καὶ
122 967 292 1052 ἀσωμάτου
317 965 439 1056 φάσεως
446 1019 456 1049 ,
489 973 540 1035 καί
561 967 697 1053 μάλιστα
716 966 840 1034 πάντων
860 971 916 1052 τῆς
932 968 1023 1044 θείας
1043 952 1322 1076 ίκείνηςῐωξέὲοῗ

53 1076 106 1138 καί
124 1070 201 1158 ότιίρ
224 1079 314 1152 νοῦν,
342 1071 422 1158 μηδ’
443 1074 474 1148 ίς
490 1070 646 1156 τοσαύτην
662 1072 744 1156 ἣκειν
765 1075 928 1156 διαίρεσιν,
958 1065 1000 1146 ὥς
1020 1069 1076 1156 τὴν
1098 1075 1155 1154 μίν

54 1175 230 1258 άμίθικτον
245 1172 509 1241 εἶναιπαντάπασι
522 1178 685 1259 κτίσμασιν
700 1175 795 1241 ίίιιασι
811 1177 863 1240 καὶ
878 1171 942 1240 άναι
956 1199 1017 1240 που
1037 1199 1156 1260 περιγε-

20 1280 232 1366 Ξγραμμίνην
241 1327 251 1358 ,
280 1276 337 1362 τὴν
352 1277 384 1343 δ’
406 1278 553 1364 ίνίργειαν
569 1279 600 1355 ἒς
614 1279 655 1346 τά
669 1281 801 1366 περίγεια
821 1282 989 1343 κατιοῦσαν
1010 1275 1153 1344 άνοόσιον
1169 1291 1201 1348 P.
1215 1289 1268 1350 714

52 1380 160 1469 σάρκα
177 1409 210 1448 τε
232 1379 388 1449 δίναοθαι
405 1382 535 1469 φορίσαι
550 1382 628 1465 μεθ’
654 1381 838 1468 ἱλαρότητος
860 1383 910 1446 καὶ
931 1375 1028 1465 αὐτόν
1047 1405 1080 1447 τε
1098 1384 1156 1465 μί-

52 1509 174 1552 νουσαν
197 1483 339 1552 άκτιστον
358 1482 509 1570 άφλεκτόν
531 1510 563 1550 τε
585 1487 740 1569 διατηρεῖν
754 1485 810 1569 τὴν
830 1480 1078 1570 άνθρωιιότητα,
1104 1487 1156 1550 καί

54 1587 135 1676 πρός
154 1615 187 1674 γε
205 1584 405 1672 μεταδιδόναι
425 1590 552 1672 καὶτῆς
573 1590 684 1665 οἰκείας
704 1584 922 1670 δκτιστότητος
944 1586 1042 1674 αὐτῇ·
1077 1585 1093 1653 ὃ
1116 1593 1156 1675 τῇ

55 1693 130 1782 θείᾳ
145 1691 236 1782 οὐσίιγ
249 1693 357 1756 ἐνεῖναι
373 1689 409 1756 οὐ
424 1688 653 1778 συγκεχώρηταί
665 1691 704 1758 οἳ.
730 1694 919 1778 φθείρεσθαι
934 1687 993 1776 γάρ
1009 1715 1085 1777 φησι
1099 1690 1156 1774 τὴν

5 1781 159 1882 Ιοσάρκα
168 1845 179 1876 ,
210 1797 281 1876 πρὶν
296 1793 393 1877 αὐτῆς
404 1805 575 1878 μετασχεῖν.
607 1800 664 1878 τῆς
682 1800 754 1880 γοῦν
771 1790 860 1879 άγίας
873 1793 1033 1878 σαρθίνου
1049 1797 1156 1878 μηδα-

53 1905 99 1982 μῆ
125 1899 310 1984 φλεχθείσης
329 1895 408 1980 μηδ’
434 1897 648 1980 δναλαιθείσης
669 1904 714 1986 τῷ
740 1899 813 1982 πυρί
836 1901 893 1980 τῆς
919 1897 1009 1971 θείας
1036 1895 1185 1976 οὐσίας,Β

55 1999 221 2086 συνάγεται
234 1999 305 2064 κατ’
323 1997 436 2080 αὐτόν,
461 1999 506 2084 μὴ
520 2000 577 2084 τὴν
590 2000 681 2066 θείαν
697 1997 805 2066 οὐσίαν
824 1998 857 2076 ίξ
878 1998 977 2083 αὐτῆς
996 2005 1156 2085 σεσαρκῶ-

55 2112 137 2171 σθαι
151 2110 207 2169 τοῦ
225 2100 315 2188 λόγου
322 2133 341 2184 ,·
362 2101 510 2189 ἔνίργειαν
531 2106 550 2169 δ
554 2102 564 2129 ’
587 2094 662 2185 οὐν,
689 2101 834 2169 άκτιστον
848 2093 945 2166 οὐσαν
958 2102 1015 2184 μὲν
1030 2106 1081 2168 καί
1096 2101 1157 2166 αὐ-

53 2207 131 2290 τὴν,
158 2204 302 2272 ὐνούσισν
317 2206 351 2271 δέ
365 2209 416 2270 καί
428 2202 590 2292 δφειμίνον
611 2231 677 2282 πως
691 2207 741 2271 καί
761 2205 806 2290 μὴ
829 2201 912 2270 πάνυ
926 2227 974 2270 τοι
989 2205 1100 2292 φλίγον
1116 2199 1153 2270 τό

5 2321 48 2376 1⁵
57 2318 121 2395 πῦρ
142 2309 335 2394 κεκτημένην.
364 2308 400 2374 οὐ
419 2306 477 2394 γάρ
495 2308 570 2374 ποτ’
589 2307 659 2376 οὐτε
674 2334 729 2376 του
746 2315 810 2374 τῶν
829 2307 931 2374 ἄλλων
944 2303 1056 2392 άγίων,
1085 2305 1157 2374 οὐτ’

55 2407 114 2480 οὐκ
126 2411 316 2478 Ἀθανασίου
332 2417 387 2477 τοῦ
403 2414 492 2478 θείου
505 2407 615 2496 ἀκήκοε
627 2418 768 2494 βοῶντος
777 2421 842 2487 τοῖς
854 2413 1061 2494 Μανιχαίοις·
1085 2410 1159 2492 ,μί-

54 2541 156 2597 τιατε,
184 2515 213 2582 οἱ
233 2516 393 2601 ίφευρεταί
413 2520 471 2580 τοῦ
493 2521 600 2580 καινοῦ
623 2514 703 2582 καθ’
727 2511 810 2599 ὐμᾶς
830 2512 1024 2599 εὐαγγελίου,
1057 2513 1158 2580 πόθεν
1218 2559 1219 2564 1

53 2616 132 2702 ὐμίν
156 2618 341 2704 κατηγγίλη,
369 2613 469 2704 σάρκα
494 2617 638 2685 ίίκτιστσν
660 2617 769 2704 λέγειν,
798 2615 876 2683 ὥστε
898 2616 918 2703 ἢ
942 2617 1000 2702 τὴν
1019 2615 1190 2700 θεότηταῦ

54 2719 225 2807 τοῦλόγου
249 2723 291 2797 είς
308 2717 504 2804 μετάπτωσιν
524 2715 647 2807 σαρκός
662 2719 892 2810 φαντάζεσθαι,
920 2718 941 2805 ἢ
961 2720 1018 2806 τὴν
1039 2723 1160 2786 οἰκονο·

5 2835 47 2890 20
55 2826 135 2910 μίαν
154 2829 211 2891 τοῦ
229 2821 354 2899 πάθους
368 2826 488 2889 καὶτοῦ
503 2821 647 2890 θανάτου
663 2826 714 2888 καὶ
728 2830 784 2908 τῆς
797 2821 1007 2904 ἀναστάσεως,
1033 2821 1159 2908 δόκησιν

54 2929 191 3011 κομίζειν
213 2930 264 2992 καὶ
285 2927 469 3015 φαντασίαν.
503 2925 647 3004 ίίκτιστος
663 2927 721 3012 μέν
742 2925 800 3014 γάρ
822 2928 936 3015 πέφηνε
956 2923 1037 3012 μόνη
1052 2922 1073 3011 ἧ
1088 2923 1161 3011 άγία

130 3076 174 3130 11.
193 3073 359 3143 φίεχθείοης
370 3072 456 3144 Cepp.
475 3070 502 3125 in
521 3077 611 3136 textu,
629 3069 656 3125 in
670 3088 721 3141 mg.
735 3069 800 3128 ooni.
814 3071 1009 3195 φθαοθείοηφ,
1026 3069 1055 3124 in
1068 3086 1160 3140 spogr.

132 3146 191 3195 erat
208 3145 388 3211 φθιχθείσης.
443 3144 485 3197 18.
503 3139 667 3262 καιαγγέλίη
684 3141 725 3194 vel
743 3143 914 3263 κατηγγέλθη
930 3142 962 3196 οδ
1057 3142 1103 3194 20.
1121 3135 1161 3205 άο

132 3211 248 3283 δόκησιν
261 3212 302 3265 εδ.
353 3214 398 3267 21.
413 3211 461 3266 καί
476 3215 632 3281 φαντασίαν
669 3217 726 3262 eost
738 3210 766 3263 in
781 3229 795 3264 e
815 3248 823 3263 .

59 3328 89 3385 in
105 3329 215 3402 simplici
233 3337 310 3402 utque
322 3330 476 3400 incorpores
489 3336 517 3384 et
528 3329 636 3383 omnium
649 3329 757 3382 maxime
769 3327 796 3382 in
808 3328 894 3382 divine
907 3327 967 3394 ills,
984 3339 1051 3399 quse
1062 3344 1160 3383 umorem

58 3399 220 3454 intellectum
237 3411 358 3471 superat,
375 3409 482 3464 nature,
501 3399 593 3452 nullum
615 3399 742 3452 essentiae
761 3409 789 3452 et
810 3397 969 3468 operationis
988 3416 1048 3452 esre
1067 3397 1162 3452 discri-

60 3486 137 3532 τινος
154 3487 201 3523 uec
215 3488 259 3523 ees
273 3471 342 3524 inter
354 3487 383 3522 ns
396 3475 531 3536 tantopere
542 3469 665 3530 differre,
680 3474 708 3520 ut
720 3468 832 3521 essentie
845 3467 947 3538 quidem
959 3469 992 3521 sb
1004 3467 1075 3520 nulls
1085 3483 1162 3521 cree-

59 3546 123 3592 turs
135 3540 218 3608 possit
230 3540 281 3591 ullo
293 3539 367 3592 modo
382 3537 551 3608 participari,
568 3545 596 3591 et
607 3536 763 3591 coelestibus
777 3537 841 3590 locis
852 3536 1037 3606 quodammodo
1050 3538 1161 3589 circum-

60 3608 164 3677 scripte
175 3609 218 3661 sit.
259 3607 386 3678 Operatio
403 3617 502 3671 eutem,
525 3624 571 3660 seu
589 3606 707 3659 efficacis
722 3624 769 3677 per
789 3624 817 3660 se
831 3606 933 3659 minime
951 3605 1109 3668 subsistens,
1125 3603 1161 3658 sd

16 3697 19 3704 ·
58 3694 105 3730 res
120 3685 237 3730 terrenas
255 3677 412 3742 descendat,
427 3676 538 3729 libenter
554 3683 581 3729 et
598 3676 680 3728 hilare
693 3691 794 3729 curnem
807 3683 907 3745 gestet,
924 3675 983 3744 ipse
998 3677 1117 3728 increato
1131 3677 1161 3728 et

57 3745 239 3828 iuqonsumpts
260 3751 521 3830 manengeouservet
542 3744 740 3827 humanitatem,
751 3762 818 3828 ‘cum
834 3743 1010 3827 φοινίσσουσι·
1030 3743 1080 3826 eibi
1098 3761 1161 3814 pro-

58 3831 155 3936 35:312
163 3816 455 3938 ”ttttffltittt
467 3814 1162 3952 ⁰⁰2¹‚tttttult’ttttmgttttbtttttttz

59 3968 140 4022 quem
150 3951 253 4006 divinoe
267 3955 343 4007 fieret
356 3952 515 4008 substantiae
528 3951 684 4022 particeps?
702 3953 765 4006 Cum
777 3953 867 4022 itaque
880 3957 971 4008 ssuots
986 3950 1076 4020 Virgo,
1092 3951 1162 4002 divi-

59 4037 113 4074 noe
131 4020 290 4075 substantiae
304 4023 364 4090 igne
376 4023 507 4076 oombuste
522 4031 568 4075 sut
584 4029 733 4094 cousumpta
748 4039 798 4075 non
813 4023 904 4084 fuerit,
921 4019 978 4073 ouili
999 4019 1053 4072 ‘tur
1069 4036 1162 4073 escun·

58 4089 123 4141 dum
137 4090 193 4141 eius
206 4092 359 4160 opinionem,
376 4091 489 4144 divinem
506 4091 583 4144 Verbi
598 4093 766 4145 substantiam
779 4109 811 4144 ex
825 4090 883 4161 ipso
896 4091 972 4142 bento
1010 4089 1095 4159 irgine
1110 4104 1163 4142 nou

58 4157 144 4211 fuisse
157 4158 330 4226 incarnatam,
346 4161 392 4213 sed
412 4161 584 4232 operationem
598 4179 642 4216 eeu
662 4161 802 4215 efficacium
818 4159 945 4230 quantam
961 4159 1103 4221 duntaxat,
1121 4157 1163 4208 iu·

57 4236 174 4279 crustam
187 4229 307 4296 quidem,
323 4230 369 4283 sed
385 4248 432 4300 per
446 4248 476 4284 se
489 4231 589 4282 minime
602 4229 797 4292 subsistentem,
815 4247 882 4299 quse
897 4227 1043 4281 inferiorem
1056 4242 1102 4278 seu
1118 4242 1162 4278 re-

58 4295 163 4348 missum
182 4295 268 4364 ignem
285 4315 333 4352 noo
348 4298 448 4354 omniuo
465 4299 650 4356 combustirum
671 4299 829 4368 possidebat.
869 4299 1016 4364 Numquam
1037 4294 1102 4346 enim
1122 4293 1163 4345 ui-

57 4364 111 4418 lum
126 4368 251 4419 esanotis
265 4367 401 4433 Patribus,
418 4376 534 4421 sunctum
546 4369 697 4438 praesertim
710 4367 886 4431 Athanasium,
904 4365 989 4420 sudiit
1002 4361 1162 4416 Manichaeis

58 4433 226 4487 clamantem
258 4435 389 4502 ,‚Dioite,
412 4445 532 4490 auctores
555 4438 615 4490 novi
634 4438 773 4492 secundnm
792 4432 1162 4502 vos‚Evange1ii‚uuuenam

56 4503 136 4556 vobis
149 4503 324 4574 praedicatum
338 4513 395 4570 est,
413 4523 515 4559 carnem
527 4506 743 4561 increstomesse
755 4503 905 4568 dicendam,
922 4502 960 4555 its
973 4507 1003 4554 ut
1016 4505 1062 4553 sut
1077 4499 1164 4552 deita-

55 4577 111 4626 tem
125 4572 200 4626 verbi
213 4573 240 4626 iu
256 4590 357 4627 curnem
376 4575 501 4658 dilapsum
520 4581 548 4627 et
563 4582 686 4628 mumtum
700 4575 780 4628 tuisse
795 4569 1034 4632 oomminisoamini,
1050 4576 1097 4620 sut
1116 4585 1163 4620 oe-

57 4642 201 4696 oouomism
216 4642 351 4711 passionis,
368 4650 468 4708 mortu,
486 4648 514 4696 et
523 4643 728 4706 resurrectionis,
745 4659 839 4696 merum
854 4638 1027 4711 apparentium
1040 4643 1067 4690 et
1079 4637 1163 4707 phon-
1238 4681 1240 4688 ⁴

55 4711 152 4766 tesiam
169 4709 344 4767 exieumetiri
366 4712 430 4768 Sole
442 4712 510 4768 enim
522 4719 614 4768 omem
634 4711 740 4766 deitatis
758 4710 876 4766 Trinius
889 4715 931 4763 ert
943 4705 1061 4760 inurente
1076 4713 1104 4760 et
1116 4723 1163 4760 no-
