2706 5160
169 657 244 744 698
410 753 411 762 Ν
461 669 711 744 „memnoni
730 669 971 740 praecata
1010 683 1020 694 ·

20 843 232 914 thomate
252 834 389 922 ἀλλαχοῦ
411 835 585 924 παρέδειξεν
605 829 691 909 uiola.
725 838 777 902 stol
809 842 903 902 τοῦτο
925 829 1101 926 κραζόντων
1120 829 1209 920 ήμῶν
1235 835 1271 901 nl

38 919 89 970 ¹¹¹⁰*
105 921 137 1006 ¹9
170 941 250 1017 κατά
270 940 327 1024 τήν
345 937 563 1027 ἁρμόττουσαν
576 937 684 1026 χώραν
703 936 887 1027 ἀφηγήσεις,
915 946 972 1025 τῆς
986 938 1207 1025 ἀληθείαςοῦκ
1221 940 1271 1004 έκ-

162 1050 324 1131 γςωροιλσαι
334 1093 345 1124 ,
370 1051 557 1130 σαᾳηνιοῦσι
572 1054 638 1118 τοῖς
653 1048 746 1108 πᾶσιν
762 1044 793 1119 ές
806 1042 958 1130 τάκριβές.
986 1048 1042 1108 νῦν
1062 1044 1096 1108 δι’
1114 1039 1213 1125 μόνον
1234 1041 1271 1107 τὸ

141 1155 211 1236 cvj
225 1145 369 1234 παροόση
379 1149 467 1237 χρείᾳ
486 1149 557 1234 περὶ
573 1144 669 1212 αὐτοῦ
683 1153 839 1232 προσῆκον
862 1143 999 1222 εἰπόντες
1014 1142 1269 1226 ἀπαλλαξόμεθα.

164 1249 243 1340 (A.)
273 1255 340 1316 Τοῦ
359 1249 418 1336 γάρ
443 1249 595 1330 βασιλέως
612 1247 850 1334 τελευτήσαντος
870 1249 930 1334 ήδη
939 1299 950 1328 ,
977 1250 1028 1314 καὶ
1045 1245 1152 1334 φήμης
1164 1249 1299 1322 drudo-35

82 1401 85 1408 ,
170 1355 299 1439 θείσης,
327 1349 370 1428 ὥς
391 1355 547 1443 βασκανίᾳ
568 1352 812 1439 τυραννηθίντες
834 1359 897 1418 τῶν
917 1358 974 1436 τῆς
986 1357 1149 1436 βασιλικῆς
1164 1375 1274 1436 γερου-

171 1460 243 1533 σίας
264 1454 419 1540 ἀνωιτήν
437 1461 493 1522 τοῦ
511 1458 771 1540 Καντακουζηνοῦ
792 1461 934 1522 καθελεῖν
949 1455 1146 1540 έπεχείρησαν
1163 1451 1269 1533 δόξαν,

131 1603 134 1610 =
172 1564 363 1644 σατραπικοῦ
374 1582 458 1636 τινος
474 1549 565 1635 οὗτος
582 1556 708 1645 ἐγεγόνει
724 1555 845 1646 πλήρης
859 1564 966 1640 θυμοῦ
983 1561 1033 1624 καί
1046 1560 1152 1641 βιαίας
1169 1555 1273 1642 ἀργῆς·

172 1665 224 1728 καί
241 1660 307 1746 ἅμα
321 1659 513 1745 παμπόλλων
525 1661 685 1747 έμπλήσας
701 1670 778 1728 νεῶν
799 1662 837 1728 τὸ
859 1669 922 1729 τῶν
937 1663 1123 1748 Σμυρναίων
1146 1661 1275 1725 έπίνειον

143 1763 280 1849 Βέμελλε
291 1765 349 1850 τήν
368 1767 535 1850 ταχίστην,
564 1762 607 1841 ὡς
621 1764 757 1853 ἔφαμεν,
786 1765 953 1846 διαβαίνειν
966 1766 1015 1830 ἐπὶ
1028 1770 1112 1853 anaqi
1127 1770 1190 1830 τῶν
1203 1761 1274 1849 ἀχρι
1283 1771 1319 1826 to

171 1870 345 1948 Βυζαντίου
361 1872 525 1960 Θρᾳκικῶν
532 1875 645 1955 χωρῶν
659 1871 710 1934 καί
724 1865 852 1935 πόλεων.
879 1875 980 1934 ταῦτα
994 1867 1097 1952 έπειδή
1112 1869 1179 1953 περὶ
1188 1867 1275 1953 Χεβ-

172 1969 305 2060 ρδνησον
325 1972 488 2056 ἀκηκοέναι
516 1968 735 2039 συνεπεπτώκει
753 1973 1024 2060 Καντακοαζηνῷ,
1058 1971 1110 2036 deci
1138 1970 1277 2052 σπουδῆς

173 2069 298 2161 ἐγεγόνει
311 2082 435 2160 μακράς
445 2076 607 2158 πέμψαντι
611 2124 624 2156 ,
650 2075 705 2142 τὸν
724 2081 866 2141 τοιοῦτον
879 2075 936 2158 τήν
957 2074 1105 2158 ταχίστην
1116 2071 1276 2158 ἀναχαιτί-

172 2203 227 2244 σαι
249 2175 369 2245 στόλον.
397 2177 414 2245 ὃ
439 2177 478 2262 δή
500 2179 551 2243 καλ
570 2185 691 2244 θᾶττον
713 2175 733 2262 ἢ
755 2175 846 2264 λόγος
867 2180 959 2243 είπεΐν
977 2174 1125 2267 lmphata,
1162 2169 1275 2263 ῥᾷονή

171 2281 253 2348 rard
281 2284 395 2347 δοῦλον
423 2277 573 2348 δεσπότου
608 2277 800 2361 κελεύοντος,
840 2291 907 2357 τοῖς
932 2286 989 2346 τοῦ
1015 2281 1275 2360 Καντακουζηνοῦ
1285 2283 1318 2335 15

169 2381 348 2471 γράμμασιν
362 2380 542 2460 ἀνοίξαντας
563 2385 615 2448 καὶ
634 2379 821 2461 ἀπενδόντος
834 2389 890 2449 τοῦ
903 2389 1098 2471 βαρβαρικοῦ
1113 2378 1277 2468 φρονήμα-

143 2491 229 2562 Erec
242 2487 366 2552 ἐκείνου.
385 2491 478 2552 τοῦτο
502 2485 581 2570 μέγα
597 2486 655 2569 μέν
662 2534 674 2567 ,
708 2488 760 2551 καί
780 2483 904 2572 μακρόν
920 2511 989 2552 τινα
1005 2483 1070 2571 ήκει
1084 2485 1207 2568 κομίζον
1222 2480 1278 2566 τήν

170 2575 313 2673 ἔκπληξίν
329 2595 399 2664 ταῖς
413 2594 474 2655 τῶν
489 2585 664 2655 ἀκουόντων
683 2599 810 2672 ψυχαῖς.
839 2589 872 2655 ti'
882 2614 930 2665 τις
944 2588 979 2654 δ’
997 2587 1074 2654 adad
1091 2597 1156 2662 τοῖς
1169 2587 1279 2674 ἐφεξῆς

171 2699 228 2759 τοῦ
251 2691 367 2778 ἀνδρὸς
389 2688 466 2779 v‘nlp
490 2681 546 2757 ’τοῦ
565 2694 825 2776 Καντοκσυζηνοῦ
844 2692 1066 2779 πεπραγμένοις
1080 2689 1158 2776 πρὸς
1172 2690 1279 2776 φιλίαν

172 2795 312 2880 δείγμασι
326 2791 534 2878 παρεξετόζαν
547 2793 663 2878 έθίλει,
691 2793 956 2882 πολλοστημόριον
972 2793 1012 2860 ἀν
1027 2795 1063 2862 τό
1079 2787 1322 2879 βραχότατονίθ

170 2895 248 2964 εἶναι
270 2898 435 2983 λογίσαιτο.
490 2896 556 2987 (Ε.)
579 2896 657 2984 Ἐγὼ
685 2899 719 2964 δὲ
739 2899 790 2963 καλ
811 2897 889 2982 πρὸς
911 2898 947 2964 ιδ
969 2895 1065 2963 πόλοι
1085 2903 1143 2980 τῆς
1159 2891 1279 2978 Ῥόμης

172 2999 287 3089 κρότος
304 3003 397 3066 έκεῖνο
413 3000 468 3068 adv
489 3007 563 3066 νοῦν
579 2998 728 3087 ἀνήνεγκα
737 3051 748 3082 ,
775 3003 827 3066 καλ
842 2997 1053 3084 ἀνεμνήσθην,
1082 2997 1166 3074 ὅπως
1179 2994 1279 3084 πρόσ-

149 3113 279 3190 Ὲταγμα
300 3099 335 3169 ’έν
362 3099 432 3175 τότε
450 3101 639 3188 Ῥωμαϊκὸν,
677 3111 783 3170 πᾶσαν
808 3100 1064 3188 ἕπιπορευόμενον
1087 3108 1145 3189 γῆν
1172 3125 1204 3166 τε
1228 3101 1279 3165 καί

174 3205 358 3288 θάλατταν,
386 3206 590 3292 κατέπληττεν
612 3207 771 3287 ἅπαντας,
794 3208 850 3272 καί
872 3213 916 3297 τῷ
933 3207 992 3272 δέει
1004 3210 1117 3294 μικροῦ
1134 3206 1186 3270 καλ
1201 3202 1280 3268 ἀπο-

176 3397 180 3403 ,
247 3339 290 3394 19.
315 3331 387 3406 πρὸς
403 3336 497 3406 φιλίας
512 3336 612 3408 δεῖγμα
627 3337 694 3392 coni.
711 3336 786 3392 Boin.

176 3442 226 3507 rit,
243 3441 343 3512 qualem
357 3457 406 3493 nec
422 3445 478 3496 tota
491 3444 562 3494 retro
576 3439 718 3510 antiquitas
732 3439 794 3492 alibi
810 3437 855 3508 (ut
866 3439 974 3510 opinor)
990 3435 1113 3491 ostendit.
1142 3429 1219 3498 Quod
1233 3449 1281 3486 noa

177 3511 281 3581 quidem
293 3511 364 3562 inira
382 3527 429 3562 suo
447 3511 504 3563 loco
521 3517 641 3562 accurate
658 3509 771 3562 omnihua
787 3509 989 3572 declarabimus,
1005 3507 1043 3560 ita
1062 3519 1178 3576 quaeque
1188 3505 1283 3555 harra-

177 3579 248 3643 turi,
271 3584 302 3630 ut
321 3595 449 3646 nunquam
467 3596 484 3630 a
496 3596 559 3631 vero
580 3578 706 3631 deflexuri
724 3579 811 3631 simus.
847 3577 927 3631 Nunc
941 3583 1039 3640 autem,
1056 3576 1101 3627 uhi
1120 3574 1146 3626 id
1162 3571 1229 3640 quod
1246 3570 1282 3623 ad

178 3663 302 3719 praesens
311 3646 459 3700 institutum
472 3647 585 3715 pertinet
597 3647 631 3699 de
644 3665 674 3699 eo
687 3645 835 3710 dixerimus,
847 3648 881 3700 ed
894 3647 946 3700 alia
957 3647 1096 3700 reniemua.
1121 3641 1195 3711 (IV.)
1209 3640 1283 3692 Mor-

178 3725 224 3770 tuo
244 3714 294 3768 iem
316 3715 486 3784 imperatore,
518 3717 637 3784 lautaque
661 3716 800 3785 diapersa,
830 3717 961 3788 cruciatos
986 3714 1084 3767 invidie
1103 3709 1226 3780 quosdam
1249 3723 1283 3761 ex

178 3783 300 3856 palafflis
318 3783 479 3836 aenatoribus
493 3783 670 3836 Cantacuaeni
689 3785 871 3838 auctoritatem
883 3783 971 3837 conari
987 3789 1120 3844 evertere,
1138 3779 1226 3831 lurore
1238 3777 1283 3829 ille

178 3853 289 3925 quodam
313 3853 444 3921 ratrapico
462 3853 628 3922 violentaque
646 3853 686 3906 ira
707 3854 822 3923 percitua
844 3855 945 3917 iueratt
975 3852 1112 3920 statimque
1131 3847 1284 3916 impleverat

178 3923 289 3976 maxima
306 3923 410 3974 navium
432 3925 508 3992 copia
528 3930 629 3991 portum
649 3922 861 3990 Smyrnaeorum,
879 3921 1062 3992 quamprimum
1080 3921 1123 3987 (ut
1138 3917 1208 3984 dixi)
1223 3923 1284 3968 tra-

178 3992 310 4054 iecturus,
328 3992 509 4061 Thracumque
521 3993 598 4044 urbes
612 3997 640 4043 et
653 4007 731 4062 egros
742 3992 897 4061 Byzantium
908 4009 988 4060 uaque
1001 3991 1153 4042 afflicturum
1181 3985 1211 4037 Id
1226 4000 1284 4037 curu

178 4061 374 4114 Cantaouaenus
389 4059 459 4113 circa
473 4061 659 4114 Chersonesum
672 4077 734 4114 cesa
747 4061 906 4123 reacirisset',
922 4059 989 4112 omni
1002 4056 1137 4126 diligentia
1149 4054 1234 4108 mistis
1246 4053 1285 4106 ls-

177 4130 249 4200 gatis
263 4128 391 4199 providit,
409 4137 439 4191 ut
452 4129 541 4182 classis
557 4130 626 4182 illius
646 4130 757 4200 impetus
771 4147 848 4199 quam
861 4129 991 4182 celerrime
1007 4128 1175 4181 inhiberetur.
1206 4121 1284 4185 Quod

177 4199 283 4270 quidem
302 4198 372 4251 dicto
390 4198 466 4252 cilice
485 4200 629 4269 perlectum
649 4209 698 4254 est.
738 4199 851 4252 Facilius
874 4198 940 4252 enim
984 4215 1040 4250 uam
1064 4194 1163 4248 iubenti
1183 4190 1284 4244 domino

177 4283 285 4332 smnus,
304 4267 477 4320 Cantacuzeni
496 4269 618 4337 precihus
636 4267 715 4321 cessit
729 4285 760 4320 nc
774 4267 862 4339 paruit
877 4269 1028 4320 barbaricus
1044 4265 1088 4316 ille
1102 4263 1219 4331 spiritus.
1255 4257 1285 4310 ld

177 4335 281 4408 quidem
295 4353 427 4406 magnam,
445 4345 473 4390 et
486 4337 643 4390 audientium
656 4337 746 4390 animis
760 4337 895 4408 plurimum
914 4343 1000 4388 movet
1015 4332 1198 4386 admirationis.
1231 4329 1286 4380 Ve-

177 4423 235 4460 rum
249 4407 277 4459 id
292 4405 315 4460 ai
332 4406 389 4474 quia
404 4406 468 4458 velit
481 4423 537 4459 cum
557 4406 616 4458 eliis
631 4407 750 4459 conterre
766 4405 860 4459 amoris
876 4402 1122 4471 aignilicationibus,
1140 4415 1204 4469 quas
1217 4396 1286 4449 Can-

177 4483 303 4528 taouaenc
316 4475 384 4528 idem
398 4483 489 4544 postea
503 4475 591 4538 dedit,
607 4475 735 4528 minimum
748 4484 820 4527 certe
835 4490 865 4526 ac
878 4472 1031 4526 levissimum
1046 4488 1103 4524 esse
1120 4465 1285 4521 iudicabitur.

179 4545 242 4613 (V.)
261 4545 318 4613 ligo
330 4559 394 4598 vero
414 4545 481 4597 inter
496 4545 564 4610 ¹haec
578 4542 612 4595 ad
625 4550 738 4596 veterem
755 4544 794 4596 rei
808 4544 937 4595 Romanae
954 4540 1095 4611 potentiam
1116 4537 1287 4612 animum'rs-

179 4611 237 4676 tull,
255 4629 286 4666 ao
301 4622 419 4683 tempora
433 4613 477 4665 illa
490 4630 545 4665 snm
559 4612 726 4676 recordatus,
744 4613 838 4682 quihus
851 4627 926 4664 unum
938 4610 1026 4680 populi
1039 4607 1148 4660 Romani
1163 4604 1286 4664 edictum,

180 4686 256 4734 terra
268 4683 373 4736 otmari
388 4680 545 4753 peragratis,
561 4681 682 4736 mortalea
695 4697 782 4736 omnes
800 4680 966 4752 percellebat,
984 4687 1013 4733 et
1026 4693 1109 4748 paene
1125 4671 1288 4728 exanimabat
