2804 4778
184 249 286 327 1188
599 255 959 330 ANNOTATIONIIS.

272 421 343 500 Pog-
364 419 424 494 82,
444 416 476 484 ιι.
523 413 567 481 Τιι
581 420 644 482 coia
660 410 806 500 Todpaoo
821 413 974 498 βασίλεια]
998 414 1144 494 Iconium,
1163 418 1335 480 ancornn

186 502 305 566 Sullani
323 501 425 562 sedem
444 503 628 582 primariam.
668 503 749 564 Vide
769 512 893 562 stemma
916 503 1111 564 Sultanorum
1130 501 1335 564 Iconiansium

186 599 258 674 post
273 587 411 648 Familias
428 589 607 649 Dalmaticae
621 609 653 649 ιι.
668 589 736 649 XV.
777 607 907 649 cuono.

272 693 351 771 Peg·
372 694 429 769 82,
452 691 483 758 5.
525 686 655 772 Mal-sin]
686 690 748 766 Qui
771 700 860 751 anteo
888 688 926 749 ad
951 688 1127 750 blichatlem
1148 689 1335 770 profugerat,

190 785 222 838 et
234 775 273 838 ab
288 796 324 836 eo
337 773 536 852 detinebatur,
549 798 589 837 na
603 777 630 836 si
641 777 784 838 evaderet
794 797 844 838 res
860 795 955 838 novas
969 776 1137 840 moliretur.
1159 774 1336 857 Pacbymer.

190 862 248 927 lib.
260 861 298 922 11.
311 881 381 942 cap.
395 863 507 923 XXIV.
547 881 678 924 occano.

276 963 351 1044 Pag.
371 967 429 1039 88,
452 969 481 1029 2.
518 955 591 1046 'Hya
606 963 658 1026 stoi
673 961 781 1044 ἔφερεν
795 961 927 1026 ἐλπίδων
938 955 1038 1042 ὥσπερ
1051 954 1241 1040 παράσιτοι]
1265 967 1338 1024 Son-

192 1049 288 1111 tantia
302 1059 363 1125 ast,
385 1058 422 1108 ut
436 1049 564 1131 parasiti
578 1048 688 1109 mensis
710 1048 839 1109 divitum
861 1049 996 1123 alantur,
1017 1049 1062 1107 its
1083 1047 1172 1109 illurn
1192 1070 1248 1130 spe
1265 1050 1338 1110 boue

191 1136 610 1198 lactatumesse.wonr1us.

282 1239 354 1316 Pog.
375 1240 430 1310 83.
453 1240 483 1301 3
525 1229 592 1299 Δύο
613 1229 727 1317 ἕξῆς’
704 1228 814 1317 potino
835 1233 905 1315 ἔτη]
942 1231 1084 1336 Acropol
1102 1255 1171 1342 cap.
1188 1236 1338 1297 LXXXV.

195 1317 372 1400 Pachymar.
385 1321 439 1379 lib.
454 1321 494 1382 Il.
514 1343 579 1403 cap.
600 1321 711 1384 XXVI.
732 1339 866 1381 nocato.
909 1313 1031 1393 Διιοξ
1000 1314 1249 1402 {giosfredum
1272 1321 1338 1402 ιτηι

194 1407 337 1466 Verterat
348 1405 490 1482 wolfius
512 1405 581 1468 Duo
594 1407 726 1490 perpetui
741 1407 816 1465 anni
833 1404 978 1464 eminant.
1019 1403 1082 1481 Ego
1100 1407 1196 1465 malui
1212 1416 1340 1483 vertare,

198 1488 353 1552 Secundus
366 1514 461 1552 onnus
476 1493 590 1555 exibat.
632 1492 679 1552 Ab
703 1489 894 1570 aequinoctio
911 1488 1078 1548 autumnali
1098 1492 1169 1550 anni
1187 1493 1340 1552 MCCLIX.

199 1597 261 1657 quo
274 1575 340 1637 linis
359 1575 462 1636 bello'
452 1577 611 1676 nnpositus
626 1587 681 1654 est,
706 1576 745 1635 ad
762 1575 925 1636 solstitium
938 1574 1083 1634 aestivum
1100 1597 1171 1636 ann1
1162 1576 1340 1640 'MCCLXI

200 1681 261 1741 quo
274 1661 347 1721 belli
368 1664 505 1722 renovati
528 1661 651 1722 initium
673 1662 833 1737 statuitur,
856 1680 915 1719 non
937 1661 1174 1721 Intercessesunt
1194 1684 1268 1722 anm
1259 1663 1341 1722 'dno

200 1746 320 1825 integri.
364 1742 546 1808 Verbum’
524 1739 635 1828 ηνιιετο
664 1745 743 1826 apud
768 1747 932 1824 Cragoram
956 1743 1103 1824 siguificat
1129 1746 1258 1824 exibat,
1287 1769 1341 1808 nou

143 1837 149 1848 '
185 1834 328 1893 πίεται.
357 1833 409 1890 Sic
424 1833 503 1892 libro
520 1835 559 1894 X.
577 1853 643 1912 cap.
657 1833 679 1893 Ι.
693 1829 833 1911 τέταρτον
850 1828 905 1912 μὲν
920 1825 960 1935 dn
979 1831 1032 1892 και
1047 1793 1343 1938 lddoppnporivsso-

202 1917 307 1996 quitur
325 1916 363 1977 de
381 1927 477 1978 aetate
490 1917 654 1977 Andronici
669 1913 808 1998 senioris)
824 1908 928 1989 ἔτις’
908 1939 967 1978 uno
961 1911 1190 2000 ι’γενέσεως
1147 1941 1233 2003 corps
1219 1923 1343 1982 estse-

205 2006 298 2064 τιιντι
316 1995 443 2080 dorisco,
470 2017 593 2084 quartur
612 1999 729 2102 quidem
749 2017 778 2060 et
798 2001 1027 2082 septuagesimus
1046 2021 1142 2061 onnus
1164 2004 1193 2062 ei
1211 1981 1344 2064 inomni

202 2085 316 2148 exibas
359 2084 493 2162 Exibot,
511 2107 572 2147 ιιοιι
596 2089 721 2147 exierat.
765 2087 841 2146 Nam
862 2093 981 2144 constat
1000 2085 1208 2146 Andronicum
1229 2109 1290 2147 non
1303 2099 1343 2148 to·

202 2179 251 2229 tos
267 2170 400 2229 LXXIV.
420 2191 513 2230 annos
531 2171 652 2231 vixisse.
682 2171 757 2232 Vide
778 2169 1013 2230 annotalainsra
1033 2172 1073 2231 ad
1087 2171 1256 2234 oraculum
1266 2173 1344 2234 Tral-

201 2253 318 2314 lienum
329 2255 384 2317 hb
397 2257 447 2316 IV.
465 2277 530 2336 cap.
545 2257 579 2317 V.
597 2265 668 2316 sect
681 2262 711 2323 9
753 2275 868 2318 norunt.

290 2361 363 2438 Pog.
386 2361 444 2433 83,
468 2363 519 2424 20.
552 2353 585 2421 'A
584 2352 881 2442 γοραιοιςᾶνδρᾶσι]
904 2359 966 2434 Qui
987 2380 1019 2420 se
1041 2359 1345 2442 Θεληματαριουςιρ-

203 2441 374 2525 pellebant,
407 2443 490 2524 quod
512 2464 568 2504 nec
590 2444 712 2503 Francia
733 2465 788 2505 nec
810 2443 933 2504 Graecis
957 2445 1078 2505 omnino
1107 2456 1269 2526 parerent,
1297 2446 1343 2505 sed

205 2538 294 2608 gente
324 2528 434 2588 Graeci
456 2551 492 2589 ac
513 2529 776 2610 Constantinopoli
792 2529 871 2604 nati,
894 2530 960 2589 ruri
982 2531 1121 2610 degentes
1144 2551 1199 2590 sua
1219 2531 1345 2592 colerent

206 2613 349 2696 praedia,
371 2615 418 2680 uti
433 2614 534 2696 innuit
553 2613 632 2672 idem
650 2615 816 2692 Gregorast
839 2613 974 2675 sicenim
991 2616 1183 2697 appellantur
1199 2638 1215 2674 a
1231 2617 1345 2698 Pachy-

204 2719 287 2760 mere
298 2699 352 2762 hb
364 2698 399 2760 II.
415 2719 484 2780 cap.
496 2700 576 2759 XIV.
590 2699 702 2759 XXVI.
717 2699 810 2759 XVII.
833 2699 1009 2804 Anonymus
1026 2701 1081 2764 Mo.
1096 2701 1135 2760 de
1148 2701 1239 2761 bellis
1252 2703 1345 2761 Fran·

207 2805 313 2846 corum
329 2785 363 2844 in
376 2785 492 2846 Mores.
516 2783 586 2858 ἕνας
599 2780 672 2858 luds
685 2777 855 2863 α’κέφαιος,
878 2779 934 2864 ὅλη
950 2779 1170 2868 θειηματιὶρος.
1197 2807 1329 2851 nocsnc.

291 2889 365 2971 Pog.
386 2887 445 2966 84,
467 2891 518 2953 12.
552 2883 641 2968 ”Appi
654 2880 787 2967 χιλιάδος
800 2885 883 2967 μιᾶς]
907 2888 1101 2985 octingentos
1116 2888 1269 2950 duntaxat
1283 2889 1346 2950 fuis·

208 2993 240 3034 aa
258 2975 337 3034 iufra
353 2973 405 3038 ait.
441 2971 590 3033 Phranzes
609 2972 661 3030 lib.
686 2971 711 3032 1.
738 2992 805 3052 cap.
821 2972 872 3037 IV.
892 2973 1007 3052 equites
1028 2973 1150 3034 circiter
1166 2975 1346 3055 octingentos

207 3079 277 3118 cum
297 3060 386 3136 globo
410 3059 547 3139 peditum
575 3056 715 3116 habuisse
743 3059 987 3138 Strategopulum
1016 3058 1132 3120 scribit.
1177 3059 1260 3122 Vide
1279 3061 1346 3122 Ilist.

207 3143 475 3225 Franco-Byzant.
488 3143 543 3204 lib.
555 3142 593 3204 V.
613 3163 677 3222 cap.
694 3143 806 3202 XXIV.
848 3163 981 3208 nocane.

296 3249 369 3327 Peg.
393 3247 450 3320 86,
476 3251 526 3311 19.
559 3241 621 3304 not
637 3242 656 3307 d
668 3249 803 3322 Καῖσαρ]
826 3243 969 3326 Acropol.
989 3265 1056 3326 cap.
1069 3245 1222 3308 LXXXV.
1243 3245 1348 3323 Pachy-

208 3349 281 3392 mer.
303 3332 355 3394 lib.
378 3332 416 3394 II.
438 3352 504 3410 cap.
525 3329 649 3390 XXVII.
681 3329 758 3394 lliot.
778 3330 894 3390 Franco
909 3329 1064 3410 -Byzant
1083 3331 1135 3395 lib.
1155 3332 1192 3391 V.
1213 3353 1244 3390 ιι.
1260 3329 1348 3392 XXV.

208 3415 328 3477 XXVI:
348 3417 474 3477 XXVII.
513 3434 645 3474 bucano.
697 3417 828 3475 Graecos
856 3435 1050 3494 recuperasse
1074 3417 1349 3498 Constantinopolis

209 3521 287 3560 anno
305 3501 411 3560 Mundi
429 3501 479 3563 VI.
500 3499 712 3561 nncctxtx.
734 3501 784 3560 die
807 3501 877 3561 Iulii
895 3501 992 3564 XXV.
1015 3501 1126 3562 diserte
1148 3503 1192 3561 uit
1211 3502 1350 3580 Georgius

208 3586 394 3667 Acropolita.
419 3585 461 3644 l)e
475 3584 526 3644 die
546 3594 576 3644 et
591 3605 690 3644 mense
704 3585 785 3645 inter
801 3605 903 3646 omnes
926 3595 1146 3656 cunctatam
1164 3587 1239 3646 ilem
1256 3588 1294 3647 dc
1310 3606 1352 3645 an·

209 3692 260 3735 no.
292 3676 370 3730 Sunt
385 3670 463 3730 anim
486 3669 539 3748 qui
561 3669 711 3730 affirmant
733 3681 943 3752 recuperatam
973 3672 1067 3731 fuisse
1089 3692 1170 3731 anno
1184 3673 1291 3732 llluodi
1309 3669 1351 3730 VI.

209 3756 449 3817 bIDCCLXVIII.
471 3754 584 3816 Christi
601 3755 744 3816 MCCLX.
767 3767 858 3836 atque
872 3777 935 3816 eam
949 3757 1076 3816 sortasse
1091 3757 1186 3816 fuisse
1198 3753 1351 3837 Nicepbon'

210 3843 361 3920 Gregorae
378 3840 568 3922 opinionem,
589 3839 669 3901 infra
693 3843 875 3902 ostendatur
906 3843 1009 3902 Codex
1028 3842 1139 3921 Regius
1159 3842 1273 3910 2525‘2.
1289 3840 1352 3900 scri

211 3939 284 4008 ptus
300 3927 392 4007 paulo
414 3935 484 4012 post
508 3926 625 3986 obitum
646 3926 844 3988 Andronici
836 3927 980 4004 runioria,
1011 3947 1072 4007 quo
1095 3937 1235 4024 ternpore
1261 3923 1352 3986 Ilomil

213 4013 379 4088 Gregoras,
402 4011 685 4091 Constantinopolin
698 4035 716 4071 s
731 4012 855 4072 Graecis
868 4024 1075 4094 recuperatam
1088 4013 1177 4092 ponit
1191 4033 1271 4072 auno
1281 4013 1353 4070 Mun·

81 4128 98 4144 ι
214 4096 247 4156 di
263 4097 314 4158 VI.
336 4097 576 4158 nnccnxvnt.
619 4098 656 4158 In
672 4097 799 4159 eundem
814 4119 925 4159 annum
942 4098 1134 4160 consentiunt
1148 4098 1253 4160 Codex
1267 4098 1352 4164 2654

245 4263 273 4332 *)
291 4259 406 4333 ἠνύετο,
424 4283 475 4330 ιιι
493 4261 612 4337 ἤνυστο,
628 4271 675 4322 sul
691 4263 843 4339 nopaddip.
869 4283 971 4324 ιιοιιιιι.
