2722 4770
200 107 276 184 778
501 111 737 186 NICEPHORI
761 112 1004 184 GREGORAE

38 299 67 354 Α.
79 299 114 351 Μ.
127 295 275 360 6855νους
282 331 293 364 ,
321 279 372 347 καί
386 275 432 364 μὴ
448 275 617 366 περαιτέρω
629 283 806 362 θεομαχεῖν,
830 277 881 342 καὶ
898 282 977 344 θεοῦ
991 275 1090 364 κρίσιν
1105 277 1228 344 δασέαν
1244 305 1291 345 πει

70 369 122 421 ¹¹¹⁶·
135 369 194 490 ¹⁵„
204 391 323 474 ράσθαι
336 391 475 468 συγχεῖν,
499 383 550 447 καλ
567 390 631 456 τοῖς
639 379 813 458 ἀδυνάτοις
827 377 941 448 οὕτωσλ
957 377 1121 468 προδήλως
1139 382 1284 468 έπιχειρεῖ

202 487 254 554 λα’
274 483 396 574 ὀλέθρῳ
417 491 479 552 τῶν
496 509 529 550 τε
547 485 668 550 παίδων
687 485 737 549 καλ
760 481 881 566 ἑαυτῆς.
910 482 968 570 ἐγώ
982 483 1042 570 γάρ
1056 491 1112 568 τῆς
1126 484 1226 568 αὐτῆς
1241 484 1284 568 ξχ

201 617 259 677 μαι
280 585 405 675 γνώμης
426 587 489 652 ἀεί·
517 589 568 654 καὶ
593 583 889 670 δυνάμενοςόπλοις
906 585 956 650 καὶ
979 583 1146 669 δυνάμεσιν
1170 583 1249 669 ὁμοῦ
1270 613 1295 672 τ,

100 730 103 736 ·
201 691 363 780 ἀκροπόλει
384 686 598 776 χειρώσασθαι
617 687 691 768 τοδς
717 685 805 755 ένδον
827 687 966 765 ἅπαντας
988 687 1020 754 έν
1043 697 1158 777 βραχεῖ
1177 690 1235 774 τὴν
1252 691 1293 754 θ’

202 803 291 881 λησιν
304 793 361 860 οόκ
374 791 434 876 έχω
450 789 678 881 σννᾴδουσαν.”
715 790 786 880 (Θ.)
808 791 911 857 Ταῦτ’
926 791 1018 858 εἰπών
1038 792 1237 879 προῦπεμπεν
1251 791 1288 858 α’

170 895 286 974 neeric.
313 897 344 962 ei
367 897 401 960 δέ
423 892 610 969 ἀπελθόντες
631 896 681 960 καὶ
701 893 804 960 πάντα
822 894 1013 982 συνείραντές
1033 921 1068 960 τε
1088 897 1139 960 καί
1165 893 1295 980 ἀπαγγεί

201 1007 310 1076 λαντες
331 996 454 1065 ἀνωθεν
486 999 537 1062 καλ
566 999 598 1074 έξ
619 996 717 1084 ἀρχῆς
733 996 825 1085 Ἄννη
849 1003 888 1084 τῇ
912 999 1049 1080 βασιλίδι
1076 997 1196 1081 ἤνυσαν
1220 997 1291 1064 οόδέ

201 1101 294 1170 πλέον
300 1151 311 1183 ,
333 1098 415 1186 ἢότι
428 1099 506 1185 πρὸς
528 1100 653 1166 πλείονα
675 1103 785 1166 κακίαν
808 1100 1057 1188 ἀναφλεχθεῖσαν
1080 1097 1198 1176 ἰδόντες
1218 1125 1279 1166 κατ

202 1199 363 1291 πλάγησάν
379 1228 411 1269 τε
429 1205 478 1268 καί
494 1200 700 1290 ἀνεχώρησαν.
730 1204 790 1268 ἐπεὶ
811 1203 845 1268 δέ
858 1202 959 1268 ταῦθ’
980 1199 996 1268 ό
1014 1203 1160 1286 βασιλεὺς
1169 1199 1306 1288 ἠκηκόει,

106 1349 111 1362 «
200 1310 253 1373 καί
267 1304 309 1384 ὥς
324 1313 380 1390 τῆς
396 1304 493 1389 αὐτῆς
506 1305 552 1370 ἀεὶ
567 1302 774 1393 σκληρότητος
789 1302 808 1389 ἦ
821 1308 945 1387 βασιλὶς
957 1303 1056 1389 έχεται
1070 1305 1163 1391 δ’γνω,
1186 1309 1239 1370 καὶ
1253 1306 1310 1390 τὴν

202 1409 300 1495 αὐτὴν
324 1409 353 1476 οῖ
366 1405 482 1493 ταότης
497 1407 580 1494 λόγοι
596 1407 676 1490 μετά
693 1415 753 1494 τῆς
761 1405 884 1494 γνώμης
899 1414 1027 1495 τηροῦσι
1046 1406 1211 1494 βαρότητα
1220 1457 1231 1488 ,
1258 1409 1309 1473 καλ

82 1503 86 1512 “
110 1513 299 1580 venerit&
319 1518 382 1578 τῶν
403 1513 560 1598 προτέρων
582 1509 787 1596 ἀτυχημάτων
805 1511 955 1596 παρέσχεν
973 1509 1052 1598 αὐτῇ
1075 1509 1110 1578 τό
1130 1517 1308 1578 λυσιτελοῦν

175 1615 350 1692 Ιδάπλανῶς
364 1618 438 1680 ίδεῖν
446 1662 456 1694 ,
481 1613 604 1700 ὥρμησε
619 1615 676 1696 μέν
691 1614 731 1680 τά
746 1613 1006 1710 πρῶταιιιολέμουΙ
1019 1610 1103 1702 νόμῳ
1117 1616 1168 1680 καλ
1180 1619 1308 1698 πολιορ-

202 1721 254 1810 κίρ
273 1722 380 1784 δοῦναι
402 1717 460 1801 τὴν
483 1725 538 1782 τοῦ
562 1715 743 1802 πράγματος
763 1717 904 1798 ένβασιν·
939 1715 1041 1784 ένιειτα
1063 1717 1187 1801 ἐπέσχεν
1201 1709 1305 1797 αὖθις,

205 1825 257 1888 καλ
277 1821 355 1906 πρὸς
374 1820 431 1903 τὴν
454 1818 599 1901 ἀμείνονα
619 1827 676 1903 τῆς
697 1817 873 1904 πραότητος
896 1815 992 1904 τόχην
1014 1817 1049 1885 τό
1074 1827 1137 1885 τῶν
1149 1819 1308 1905 πρακτέων

106 1917 108 1922 1
207 1923 365 1990 ἀνετίθετο
378 1918 546 2004 βούλευμα.
586 1920 643 2010 (Ι.)
664 1922 749 1987 Ἀλλ’
771 1922 826 1988 οὖν.
841 1921 947 2008 ἤρεσκε
961 1929 1053 1990 τοῦτο
1066 1933 1131 1999 τοῖς
1147 1921 1233 2010 ἀμφ’
1251 1919 1307 1988 αδ-

205 2025 262 2092 τδν
279 2023 483 2107 στρατιώταις
505 2027 556 2089 καλ
580 2035 772 2110 στρατηγοῖς.
800 2023 874 2092 ὅθεν
898 2031 955 2111 τῆς
980 2021 1145 2112 όστεραίας
1163 2021 1308 2110 έπιοόσης

207 2129 239 2194 έν
258 2124 450 2214 παραβόστῳ
476 2127 555 2192 κατὰ
585 2135 668 2215 σφᾶς
693 2127 807 2205 adroic
831 2128 922 2194 αὐτοὶ
944 2135 1104 2194 ποιοῦνται
1133 2125 1305 2213 συνθήκας,

107 2243 198 2304 Ρ.489
209 2230 544 2317 αέφνίδιυνέπιθέσθαι
559 2237 597 2317 τῇ
613 2227 776 2318 ἀκροηόλει
783 2278 793 2312 ,
823 2234 893 2316 πρίν
912 2231 1084 2297 αἰσθέσθαι
1098 2230 1152 2296 τόν
1164 2232 1306 2313 βασιλέα.
1322 2266 1361 2288 a

205 2337 256 2400 καλ
273 2332 312 2418 δὴ
331 2331 440 2419 μικρόν
464 2331 592 2420 ὕστερον
610 2331 629 2417 ἢ
645 2332 724 2399 κατὰ
738 2335 933 2420 μεσημβρίας
948 2331 1023 2400 εἶναι
1040 2334 1094 2400 τόν
1110 2332 1216 2418 ἣλιον,
1243 2339 1306 2400 τῶν

205 2436 338 2522 σημείων
361 2435 540 2520 ἀρθέντων,
570 2433 670 2525 κόκληι
701 2434 896 2523 περιστάντες
916 2437 947 2503 οἱ
973 2437 1029 2520 μέν
1052 2446 1117 2513 τοῖς
1148 2433 1307 2522 ἑκηβόλοις

205 2540 338 2628 έχριῖιντο
352 2539 492 2621 βέλεσιν·
520 2539 551 2604 οἳ
566 2537 598 2604 δ’
616 2541 648 2606 ἓν
659 2550 765 2626 χεροῖν
777 2539 987 2624 ἀνειλημμένοι
1000 2546 1061 2626 πῦρ
1074 2542 1125 2605 καλ
1142 2538 1306 2626 φρυγάνων

203 2642 376 2731 φακέλλους
403 2637 537 2730 ὖφῆψαν
566 2640 624 2729 τὴν
650 2641 729 2729 πρὸς
750 2650 796 2734 τῷ
816 2644 929 2727 τεμένει
953 2649 1015 2710 τῶν
1036 2647 1223 2732 Βλαχερνῶν
1249 2649 1307 2726 τῆς

270 2808 297 2863 8.
311 2803 395 2879 Ἀυνη
411 2823 460 2860 eru.
476 2805 552 2861 Boir.
570 2822 620 2878 pro
637 2799 707 2878 ἅμα.

202 2943 297 2997 iunium
310 2943 360 2997 Dei
372 2942 493 2998 iudicium
508 2943 664 2999 confundere
675 2947 791 3008 conetur,
808 2960 858 2998 neu
871 2941 985 3014 denique
995 2961 1041 3010 ee,
1059 2959 1125 3014 quae
1138 2941 1235 2998 meiere
1245 2949 1306 2997 eunt

202 3029 277 3082 quern
294 3019 323 3064 ut
338 3013 428 3082 perfici
441 3012 556 3082 ponunt,
573 3014 601 3066 in
614 3014 752 3068 liberorum
763 3021 790 3066 et
800 3014 839 3066 eui
851 3015 934 3082 ἱρεῖαι
950 3014 1086 3096 perniciem
1102 3015 1141 3067 εἰσ
1158 3013 1240 3082 pulum
1257 3021 1318 3095 ogs

203 3080 346 3150 greuiatur.
364 3081 422 3151 Ege
436 3081 539 3134 enimin
554 3082 642 3136 eedem
653 3101 736 3152 neque
751 3090 838 3152 pereto
851 3087 995 3146 neuteut1n3
1011 3091 1106 3136 etcum
1119 3083 1214 3152 poesim
1228 3099 1306 3135 urum

205 3165 238 3201 ee
249 3149 348 3202 viribue
359 3150 433 3202 brevi
445 3157 498 3202 um
510 3151 586 3212 ercis,
600 3169 675 3222 quum
688 3169 774 3206 eorum
787 3152 904 3214 omniurn,
933 3151 959 3204 ui
971 3151 996 3204 in
1011 3169 1073 3206 erce
1085 3159 1153 3214 eunt,
1166 3152 1256 3221 potiri,
1265 3157 1305 3202 tn-

202 3234 260 3270 men
273 3216 406 3271 voluntate
417 3219 451 3271 ub
466 3235 496 3270 en
508 3220 615 3273 coneifin
627 3219 782 3274 abherreeJ'
812 3221 889 3290 (ΙΧ.)
945 3237 975 3272 ec
986 3221 1056 3273 intur
1065 3239 1110 3274 ece
1123 3220 1238 3272 dimittit
1263 3219 1305 3272 liii

202 3286 314 3338 abeunte
332 3289 417 3340 emnia
429 3287 455 3339 in
471 3303 547 3340 nuum
568 3290 718 3354 conferunt,
736 3295 764 3341 et
784 3307 801 3342 n
813 3290 899 3360 cupite
915 3305 997 3358 unque
1016 3290 1129 3358 repetitu
1145 3287 1305 3360 imperatrici

202 3354 366 3408 renunciant:
384 3355 447 3408 nihil
461 3361 546 3409 eutem
562 3358 716 3427 preficiunt3
733 3359 778 3411 red
793 3358 838 3412 ubi
851 3375 906 3412 enm
919 3357 1009 3411 maiori
1025 3359 1112 3412 furere
1124 3358 1304 3411 inflemmuteru

201 3421 302 3506 fident,
319 3425 433 3506 perculsi
447 3424 578 3482 recedunt.
613 3427 692 3490 Quod
706 3435 839 3497 peetqunnr
851 3427 991 3497 imperetur
1003 3429 1113 3498 accepit,
1126 3435 1154 3479 et
1164 3431 1304 3496 Angustum

200 3507 229 3544 ru
247 3492 344 3544 duritie
364 3493 413 3546 eibi
429 3498 561 3558 construe,
577 3496 734 3564 eundemque
748 3505 798 3550 tem
816 3497 843 3550 iu
856 3496 932 3549 dictis
947 3513 1022 3565 quem
1036 3495 1063 3549 iu
1079 3497 1161 3550 enimc
1177 3495 1303 3549 acerbita-

153 3587 158 3608 .
200 3565 251 3614 tem
265 3561 377 3614 retinere
389 3560 495 3625 didicit,
513 3580 596 3633 neque
607 3563 658 3618 uile
672 3566 786 3634 priorum
798 3566 907 3619 eludium
917 3564 1037 3618 effectum
1050 3583 1124 3629 esee,
1142 3569 1173 3616 ut
1184 3564 1247 3634 quid
1259 3579 1304 3617 ex·

201 3627 306 3699 pediret
325 3635 397 3685 certo
418 3632 591 3700 perepiceret3
607 3633 693 3687 rtatim
709 3635 810 3704 quidem
827 3634 865 3687 rei
886 3640 1002 3687 eventum
1023 3635 1083 3688 belii
1101 3633 1202 3702 legibue
1217 3640 1245 3686 et
1257 3634 1304 3685 eb-

200 3697 295 3751 eidiuui
307 3699 454 3768 permittere
466 3699 563 3764 vetuit3
581 3718 638 3754 mox
651 3719 682 3755 ee
691 3702 785 3756 iterum
796 3704 932 3766 continuit,
945 3709 973 3755 et
985 3703 1141 3756 felicioribue
1153 3701 1303 3758 clementiae

201 3767 315 3821 consiliis
328 3768 390 3838 quid
404 3785 483 3846 egepe
497 3785 513 3819 ο
547 3776 629 3825 rteret
638 3772 798 3844 etntuepdum
810 3772 924 3842 reliquit.
959 3772 1021 3840 (Χ.)
1039 3772 1069 3825 Id
1083 3772 1124 3836 iis,
1139 3787 1204 3840 quoe
1217 3785 1302 3824 recum

199 3833 319 3902 habebnt,
332 3837 454 3891 niiitibue
466 3842 494 3889 et
542 3839 615 3892 eibue
627 3856 677 3894 neu
690 3840 796 3909 placuit.
830 3839 940 3893 Postera
952 3840 1032 3910 igitur
1043 3842 1087 3894 die
1100 3840 1241 3894 denudum
1251 3835 1301 3907 ipri

199 3901 268 3959 luter
280 3924 310 3960 ee
322 3923 405 3960 ercem
418 3907 559 3974 derepente
573 3907 684 3974 adoriri,
702 3917 838 3978 antequem
850 3909 885 3962 im
904 3917 990 3963 eretur
1002 3909 1111 3973 mutiet,
1128 3909 1300 3962 cenetituuutr

198 3987 232 4026 tc
247 3975 322 4043 paule
338 3983 401 4060 pert
416 3974 545 4030 meridiem
564 3975 673 4029 rublntie
693 3978 775 4046 signin
790 3977 885 4030 circum
913 3973 999 4031 ei'elii
1018 3978 1076 4031 telin
1094 3977 1231 4031 miniiibue
1249 3993 1300 4030 reu

197 4049 294 4108 egunt3
312 4045 357 4098 elui
368 4045 454 4114 ignem
467 4044 581 4098 menibue
594 4046 792 4115 praetendente·
804 4051 832 4098 et
844 4047 1018 4116 virgultorum¹
1030 4044 1167 4100 fasciculo·
1185 4062 1241 4099 eum
1258 4061 1299 4098 ιν-

198 4108 235 4162 cis
249 4118 349 4181 portum
361 4113 533 4180 succendunt,
551 4129 618 4185 quae
631 4115 666 4170 ed
677 4109 880 4171 rennuendum
894 4115 1015 4188 templum
1029 4117 1147 4188 ipectut3
1164 4115 1299 4184 unumque

531 4291 554 4340 Ο
