2706 5160
189 663 269 738 642
506 673 741 743 NICEPHORI
761 671 1004 742 GREGORAE

22 841 100 962 stiffi
114 838 298 963 ἳλὲόθβημενζ
350 835 416 927 (Γ.)
431 838 511 906 Τοῦ
533 833 593 925 γάρ
612 865 660 905 τοι
679 837 833 921 βασιλέως
856 845 902 930 τῷ
929 835 1043 929 Kolta
1064 834 1211 916 συνόντος
1237 843 1291 906 καλ

92 942 464 1033 ριηηησυνδιαιτωμίνου,
501 942 558 1009 oda
580 935 619 1026 ἦν
647 942 768 1024 άμελεῒν
789 942 912 1030 οὐδαμῆ
936 945 1115 1024 Βυζαντίοις
1137 951 1199 1009 τῶν
1215 943 1288 1009 κατ’

185 1047 299 1111 ἐκείνου
317 1046 509 1126 ἐπιβουλῶν·
536 1044 615 1110 ἀλλά
639 1043 743 1120 δόλοις
764 1043 876 1123 δόλους
897 1046 1125 1135 συνίῤῥαπτον,
1153 1049 1205 1111 καὶ
1229 1072 1291 1127 μυ-

188 1151 273 1234 ρίους
288 1147 335 1214 art
347 1144 508 1224 θανάτους
522 1145 669 1232 ἐξήρτυον
681 1148 754 1214 κατ’
771 1149 878 1215 αὐτοῦ.
905 1150 1058 1233 πέμπουσι
1074 1152 1177 1214 τοίνυν
1192 1151 1223 1226 ές
1234 1150 1292 1232 μὲν

158 1252 362 1339 Ετοδμφανές
374 1251 516 1336 πρέσβεις
529 1250 777 1336 ἀπαγγελοῦντας
789 1254 862 1340 περί
872 1277 905 1317 τε
917 1250 1031 1338 κήδους
1044 1251 1102 1319 ὅσα
1118 1254 1207 1335 ἐξείη,
1237 1255 1311 1326 καλε

185 1359 274 1421 δυοῖν
289 1353 435 1440 αἱρέσεων
451 1360 662 1440 προτεθεισῶν
684 1356 836 1436 βασιλέως
856 1356 960 1435 ἕνεκα,
988 1352 1121 1445 ὁποτέρᾳ
1140 1362 1293 1441 προσθεῖ-

184 1485 235 1524 ναι
251 1454 396 1539 βοόλοιτο
413 1459 545 1541 δηλοῦν,
573 1455 594 1541 ἢ
616 1458 741 1540 δέσμιον
754 1461 877 1525 τουτονὶ
888 1459 968 1543 μετὰ
988 1465 1045 1542 τῆς
1065 1461 1144 1542 ζωῆς
1157 1458 1291 1543 δηλαδὴ,

99 1630 108 1643 Ι
184 1559 204 1644 ἢ
225 1560 283 1644 τὴν
295 1559 393 1625 αὐτοῦ
407 1560 548 1647 κεφαλὴν
561 1559 717 1647 ἀφελόντα
734 1566 789 1627 τοῦ
815 1558 963 1644 σιόματος
989 1562 1021 1627 έν
1045 1557 1218 1639 Βυζάντιον
1229 1588 1294 1646 μη-

51 1680 57 1693 ’
149 1683 152 1687 ’
184 1665 236 1729 δέν
247 1660 444 1747 μελλήσαντα
461 1664 587 1746 πέμπειν
601 1660 645 1740 ὦς
659 1660 808 1748 τάχιστα·
834 1663 915 1749 ἥξειν
930 1689 962 1730 τε
976 1665 1035 1751 γὰρ
1049 1661 1179 1730 κατόπιν
1195 1663 1293 1740 addit

184 1766 269 1856 αὐτῷ
289 1763 347 1850 τήν
370 1792 402 1832 τε
424 1768 585 1853 θυγατέρα
607 1774 663 1852 τῆς
681 1769 860 1849 βασιλίδος,
886 1764 1011 1854 νόμφην
1032 1768 1082 1831 rut
1102 1773 1148 1856 τῷ
1174 1768 1290 1832 ἐκείνου
1301 1785 1333 1837 10

85 1873 287 1951 Psenmau,
315 1871 366 1934 καλ
388 1867 454 1952 ἅμα
474 1870 531 1954 τὴν
560 1876 624 1936 τῶν
643 1870 733 1957 μέχρι
751 1867 1010 1956 Χριστουπόλεως
1032 1871 1149 1935 έκεῖθεν
1167 1871 1292 1956 χωρίων

183 1976 234 2041 καὶ
248 1972 366 2039 πόλεων
383 1972 536 2060 ἔγγραφον
552 1970 740 2057 κυριότητα·
767 1970 809 2049 ὡς
827 1976 967 2058 γίνεσθαι
981 1975 1057 2057 μίαν
1070 1958 1177 2038 λοιπόν
1193 1972 1292 2058 ἀρχὴν

183 2076 270 2167 αὐτῷ
292 2082 402 2160 συνεχῆ
417 2076 473 2160 τὴν
490 2078 523 2141 έκ
544 2078 731 2159 Δαλματίας
746 2079 796 2140 καί
808 2075 1000 2163 Ἰλλυρίδος,
1028 2079 1080 2141 καί
1101 2073 1160 2142 ὅσα
1172 2075 1291 2159 perroto

181 2187 246 2270 τῶν
261 2180 339 2266 πρὸς
355 2181 394 2244 ἕω
409 2186 464 2244 τοῦ
476 2179 585 2245 Ἰονίου
607 2177 723 2245 κόλπου
738 2176 834 2262 operiar
849 2185 1009 2266 πλευρῶν,
1038 2178 1108 2266 άχρι
1128 2181 1292 2245 Φιλίππων

181 2285 234 2349 καλ
247 2279 516 2369 Χριστουπόλεως.
571 2281 643 2372 (Δ.)
669 2285 734 2349 Καὶ
751 2282 792 2347 τό
812 2283 870 2365 μέν
885 2289 941 2367 τῆς
961 2285 1125 2369 πρεσβείας
1143 2285 1195 2348 καὶ
1211 2307 1289 2369 προ·
1300 2297 1330 2352 15

181 2392 266 2473 φακῆ
292 2384 418 2451 τοιαῦτ’
443 2378 492 2470 ἦν.
520 2383 541 2449 ii
562 2386 597 2451 δέ
611 2381 716 2472 κρόφα
738 2384 836 2470 συχνά
852 2388 903 2450 καὶ
918 2383 1098 2472 πολδτρσπα
1115 2385 1290 2472 προσεπέμ-

182 2514 256 2554 πετο
282 2485 453 2576 φάρμακα,
489 2484 590 2554 ὁπόσα
614 2487 649 2554 τό
674 2486 851 2574 θανάσιμον
876 2486 1160 2576 εἶχενέμφωλεῦον,
1190 2484 1246 2565 όξό
1259 2513 1291 2553 τε

153 2594 234 2657 Βκαὶ
256 2591 523 2677 δυσκαρτέρητον,
545 2590 765 2678 ΙΜιθριδάτου
788 2593 871 2669 τινός
893 2593 989 2658 έδεῖτσ
1011 2592 1203 2679 σαφέστερον
1221 2590 1290 2677 άρι-

179 2701 284 2778 θμεῖν·
300 2693 336 2771 ὃς
353 2692 410 2778 τὴν
425 2695 460 2758 ἐκ
473 2697 699 2781 Παφλαγονίας
713 2695 790 2780 ἔχων
806 2694 920 2781 ἀρχὴν,
949 2691 1050 2779 ὁπόση
1067 2695 1119 2760 διὰ
1134 2696 1291 2778 Κολχίδος

179 2801 230 2863 καὶ
246 2799 390 2881 Λαζικῆς
416 2799 548 2861 καὶτῶν
574 2801 763 2865 Καυκασίων
780 2799 862 2885 όριῦν
886 2797 1052 2885 ἐρχομένη,
1093 2801 1143 2864 καὶ
1166 2803 1328 2883 nopai-20

179 2898 336 2967 λάττουσα
352 2898 470 2965 Τάναϊν
484 2901 535 2964 καὶ
550 2904 717 2982 Μαιῶτιν,
745 2899 841 2985 διήκει
854 2901 943 2988 μέχρι
958 2904 1009 2965 καλ
1026 2902 1057 2978 ἐς
1072 2897 1205 2976 Σκόθας
1217 2900 1290 2976 τοδς

177 3002 354 3091 ἑσπερίους,
382 3006 432 3068 καὶ
450 3003 595 3085 πολέμιον
614 3002 804 3090 κτησάμενος
819 3004 877 3089 τὴν
889 3003 984 3070 πάλαι
998 3001 1157 3086 Ῥωμαίων
1174 3003 1287 3087 ἀκμὴν,

176 3110 226 3173 καί
241 3107 350 3186 δεδιὼς
361 3106 407 3190 μδ
426 3109 485 3187 ζῶν
500 3103 657 3190 άλιόσιμος
669 3115 708 3199 τῇ
721 3113 891 3193 Πομπηΐου
905 3108 1027 3194 γένηται
1038 3109 1116 3196 χειρί
1133 3108 1185 3172 καλ
1200 3104 1288 3195 τάχη,

178 3355 230 3410 que
243 3339 313 3404 illuc,
327 3337 396 3392 unde
410 3336 523 3408 digressi
537 3356 631 3392 sumus.
665 3336 742 3406 (111.)
754 3336 867 3391 'Interim
880 3336 939 3392 dum
950 3337 1091 3421 imperator
1104 3336 1176 3408 apud
1187 3337 1288 3390 Cralem

179 3416 348 3462 commoratur
366 3409 465 3462 eteius
480 3409 600 3462 convictu
616 3408 712 3471 utitur,
730 3424 855 3478 nusquam
870 3409 992 3476 Byzantii
1010 3414 1114 3460 cessant
1128 3415 1232 3460 struere
1251 3406 1289 3458 illi

179 3477 294 3531 insidias.
330 3479 384 3532 Sed
403 3479 467 3531 alios
485 3495 517 3532 ex
532 3478 590 3532 aliis
605 3478 677 3531 dolos
697 3486 839 3541 consuunt,
861 3486 889 3529 et
903 3478 1047 3530 innumeras
1063 3486 1158 3528 mortes
1176 3475 1290 3529 conflant

179 3547 205 3598 ei
221 3547 344 3616 quotidie.
380 3548 491 3600 Mittunt
508 3547 590 3616 igitur
612 3547 696 3618 palam
714 3545 817 3615 quidem
831 3546 945 3615 legatos,
963 3546 1007 3614 qui
1020 3545 1054 3599 de
1064 3546 1194 3598 affinitate
1206 3563 1289 3614 quoe-

179 3632 280 3685 cnnque
293 3623 397 3699 oportet
410 3617 558 3685 significent
575 3624 732 3685 petantque,
746 3624 791 3678 ut,
809 3616 907 3667 duabus
920 3617 953 3666 de
965 3615 1120 3697 imperatore
1132 3613 1288 3667 conditioni-

178 3685 227 3736 bus
242 3686 351 3748 oblatrs,
368 3693 452 3738 utrem
465 3685 562 3753 eligere
579 3686 651 3738 malit
663 3685 791 3737 declaret:
808 3701 855 3736 seu
869 3684 982 3736 vinctum
999 3684 1068 3736 allum
1081 3684 1219 3751 vivumque
1231 3690 1288 3734 tra·

178 3755 258 3816 dere3
277 3771 322 3806 seu
336 3754 406 3806 illius
422 3763 500 3824 ceput
518 3771 628 3824 corpore
648 3754 788 3807 abscissum
809 3751 865 3806 sine
883 3753 935 3805 ulla
949 3755 1114 3806 cunctatione
1130 3750 1287 3819 Byzantium

197 3840 254 3874 uam
272 3823 403 3875 celerrime
422 3825 539 3876 mittere:
563 3835 697 3877 venturam
717 3823 784 3875 enim
802 3821 909 3873 subinde
923 3822 1095 3892 imperatricis
1113 3821 1192 3873 liliam
1212 3819 1288 3874 istius

178 3843 232 3944 lilio
247 3891 455 3961 despondendam
470 3908 590 3956 uxorem,
607 3892 733 3960 simulque
746 3891 854 3943 omnium
874 3891 943 3943 illinc
962 3908 1043 3960 usque
1058 3889 1233 3959 Cbristopolin
1248 3888 1288 3940 lo·

177 3979 264 4015 corum
284 3963 434 4044 urbiumque
454 3968 607 4031 potestatem
628 3961 678 4013 scri
698 3961 732 4012 tis
753 3960 945 4028 consignatum,
968 3961 1005 4012 ita
1025 3969 1054 4013 nt
1069 3977 1145 4012 unum
1163 3958 1287 4027 deincepr

175 4037 205 4084 et
217 4029 364 4084 continuum
380 4048 405 4083 er
420 4031 531 4082 loturum
551 4032 587 4083 sit
600 4031 735 4099 imperium
751 4045 766 4080 a
783 4027 912 4082 Dalmatia
932 4035 959 4081 et
971 4030 1090 4097 lllyrico,
1110 4037 1137 4081 et
1155 4027 1222 4079 omni
1241 4027 1286 4079 illo

174 4099 294 4153 citeriore
313 4107 417 4163 tractu,
440 4098 484 4169 qui
503 4099 585 4155 lonici
604 4099 681 4152 maris
700 4097 850 4152 orientalem
868 4115 939 4151 oram
957 4098 1079 4167 attingit,
1102 4097 1134 4149 ad
1149 4096 1286 4165 Philippos

174 4186 257 4239 usque
269 4175 295 4221 et
312 4168 498 4239 Christopolin.
534 4169 610 4237 (lv.)
629 4173 667 4221 Ac
681 4168 745 4221 talia
760 4167 860 4237 quidem
879 4177 967 4229 erant,
985 4184 1051 4236 quae
1067 4184 1113 4237 per
1130 4161 1286 4234 legationem

173 4246 203 4294 ct
220 4247 311 4308 aperte
327 4239 478 4306 agebantur.
514 4239 590 4302 Quae
605 4256 666 4290 vero
681 4237 745 4289 clam
758 4253 859 4289 venena
872 4236 1052 4300 mittebantur,
1070 4237 1162 4288 crebra
1177 4251 1209 4286 ac
1222 4235 1286 4286 mul·

174 4308 292 4379 tiplicii,
309 4325 394 4377 eaque
412 4316 510 4378 pestem
527 4325 612 4360 acrem
631 4325 647 4358 a
678 4324 712 4359 ue
730 4305 860 4359 difficilem
873 4306 998 4369 celantia,
1016 4313 1047 4357 ut
1058 4302 1159 4372 singule
1177 4320 1286 4374 percen-

175 4385 303 4441 rcrentur,
320 4393 385 4446 opus
400 4384 471 4430 esset
482 4376 637 4428 lllitbridate
648 4376 666 4427 il
677 4393 702 4441 o,
719 4375 763 4444 qul
777 4392 832 4426 cum
849 4374 1057 4444 aPapblagonia
1071 4390 1153 4442 usque
1168 4371 1285 4442 posside-

174 4456 217 4505 ret
232 4446 380 4516 imperium,
417 4446 466 4497 uod
482 4462 529 4514 por
547 4444 696 4499 colchidem
713 4442 833 4497 Loricam
852 4460 897 4507 ue,
915 4453 944 4495 ct
956 4443 1102 4496 Caucaseos
1116 4451 1231 4506 montes,
1249 4440 1285 4493 ul·

176 4527 218 4567 tre
232 4516 343 4570 Tanaim
358 4520 385 4568 et
399 4465 559 4568 llaeoridon
592 4513 762 4582 orrigcbetur,
780 4518 808 4564 et
822 4460 856 4564 ad
866 4512 979 4580 Scythas
992 4529 1074 4582 usque
1087 4511 1210 4564 occiduos
1224 4527 1285 4580 per·

176 4584 302 4652 tingebat,
320 4594 348 4638 ct
361 4584 475 4637 infernae
495 4583 546 4636 sibi
576 4582 670 4635 ecicsct
683 4581 801 4650 vigentes
815 4588 867 4633 tum
883 4584 1052 4635 llomanornra
1068 4579 1152 4643 vires,
1170 4579 1300 4632 timeret-1

177 4671 229 4729 ique
242 4671 275 4714 uc
287 4655 363 4710 rivus
375 4661 514 4730 caperetur
527 4652 625 4712 virtute
644 4668 674 4707 ao
690 4651 792 4710 tortura
804 4650 937 4722 Pompeii,
955 4666 1054 4706 venena
1069 4648 1154 4704 omnia
1167 4648 1285 4719 explora-
