2746 5220
444 717 805 788 mnorsmonss.
872 693 879 710 ‘
1018 731 1019 736 ν
1088 711 1187 785 seso

31 875 78 938 eb
97 875 162 937 illis
175 875 290 952 iactam
312 895 484 956 quenquam
498 876 589 938 iidem
606 885 708 957 postes
718 919 728 953 ,
750 875 816 936 eius
839 876 1018 936 testimoniis
1038 877 1076 938 sd
1101 897 1190 954 suum

34 981 166 1024 sussum
193 961 439 1038 accommodatis,
466 963 550 1024 miris
573 962 715 1022 laudibus
740 963 837 1041 ipsum
858 964 1041 1024 ornaverint.
1084 965 1192 1024 Exstat

37 1048 127 1129 apud
149 1048 314 1125 Gregoram
329 1048 359 1106 in
381 1047 459 1108 libro
475 1050 610 1109 nondum
633 1048 713 1109 edito
729 1044 820 1132 (Cod.
835 1050 907 1126 Reg.
923 1052 1019 1115 2952.
1033 1051 1086 1109 iol.
1105 1047 1192 1129 157.)

38 1133 149 1214 grauis
162 1134 283 1211 querela
297 1132 335 1192 de
350 1133 493 1193 Palamita
508 1133 654 1214 quodam,
677 1131 730 1213 qui
752 1133 790 1194 de
804 1132 965 1194 Theodoro
983 1135 1098 1215 Grspto
1111 1144 1141 1194 et
1155 1134 1194 1194 dc

40 1220 113 1280 eins
130 1217 217 1278 libris
230 1238 290 1278 non
307 1219 378 1278 satis
390 1228 564 1280 reverenter
582 1219 766 1298 loqueretur.
807 1217 912 1300 Ecqua
925 1223 1002 1278 enim
1024 1219 1194 1298 (inquiebat

43 1306 191 1364 Pelsmee
212 1307 356 1380 sectator)
384 1305 465 1366 nouit
488 1301 573 1364 ilium
591 1301 741 1380 ecclesio?
765 1301 839 1382 Quis
853 1319 1018 1365 nemeaeum
1033 1303 1116 1365 illius
1135 1327 1196 1364 un-

42 1410 140 1474 quam
162 1386 319 1451 meminit?
346 1391 422 1450 Tum
444 1389 589 1465 addebat,
612 1411 801 1471 quaecunque
819 1392 845 1448 is
860 1403 965 1448 contro
981 1387 1198 1450 iconomachos

43 1475 165 1552 scripta
179 1474 375 1550 composuisse
386 1471 542 1551 diceretur,
565 1497 599 1534 ea
613 1473 760 1534 erroribus
770 1475 954 1554 grauissimis
964 1489 1084 1536 scotere.
1109 1469 1199 1552 Quod

44 1561 76 1620 si
92 1555 151 1618 clii
166 1561 298 1640 quipiam
312 1555 456 1619 nonnulla
470 1561 698 1620 interseruissem
718 1562 818 1636 spuria
835 1573 862 1618 et
884 1561 1089 1639 supposititio,
1111 1574 1138 1618 et
1161 1559 1201 1617 s'ie

46 1665 158 1704 nomen
178 1641 260 1703 illius
284 1645 516 1724 inscripsissent,
547 1647 641 1724 ipsum
665 1643 782 1726 quidem
802 1643 1027 1723 irreprehensum
1046 1642 1201 1730 futurum,

47 1751 113 1788 seon
128 1730 197 1788 item
209 1728 270 1787 eius
283 1724 397 1790 lihrces
418 1731 463 1788 sin
478 1751 514 1787 eo
527 1731 588 1789 eius
599 1745 689 1788 essent
704 1731 799 1809 reipsa
814 1743 840 1787 et
857 1725 1039 1805 indubitate,
1061 1731 1120 1787 inm
1136 1750 1201 1788 eum

47 1809 147 1874 simui
165 1835 230 1874 cum
248 1809 333 1872 libris
348 1811 551 1888 reiiciendum,
573 1829 600 1872 et
619 1815 649 1873 in
665 1813 874 1874 hoereticorum
890 1836 1009 1874 numero
1024 1811 1203 1893 ponendum.

48 1899 140 1959 Haec
151 1897 297 1956 Palemita
312 1897 381 1971 ille,
403 1897 434 1957 in
448 1919 537 1977 quem
554 1899 702 1977 Gregoras
715 1898 835 1958 scribas
849 1897 951 1960 verbis
967 1896 1141 1970 invehitur,
1162 1897 1204 1958 ad

51 1985 299 2044 Centucueenum
319 1981 420 2062 ipsum
437 2004 612 2047 conversus.
657 1983 783 2066 Ecquem
811 1983 872 2057 Tu,
893 1983 1010 2062 inquit,
1032 1981 1109 2056 hunc
1124 1979 1204 2041 ‹iere-

49 2082 141 2151 pente
155 2069 186 2128 in
206 2082 341 2128 sanctum
360 2065 444 2128 illum
464 2067 580 2128 Putrem
596 2073 812 2150 sapientemque
824 2064 972 2127 doctorem
985 2087 1086 2127 armcs
1098 2087 1205 2126 nouum

50 2151 294 2226 Archilochum,
316 2174 353 2212 cc
366 2155 466 2232 potius
478 2151 659 2214 Archilochi
671 2149 814 2214 simium?
835 2193 877 2214 ...
902 2149 961 2213 Cur
975 2152 1047 2213 hoec
1056 2165 1208 2233 praesente

52 2253 86 2298 te
98 2229 321 2296 ‘aduertamus
329 2234 571 2319 furibundusque
585 2235 779 2300 homunculus
800 2233 953 2298 euomuit?
974 2247 1031 2298 cte.
1075 2237 1163 2310 (Vide
1179 2244 1209 2296 st

55 2331 200 2382 annoteta
218 2322 296 2380 inl'rs
312 2323 350 2380 ad
366 2341 432 2401 pog-
450 2327 523 2388 598.
539 2322 585 2403 F.)
628 2325 693 2384 Non
709 2324 817 2382 mirum
832 2322 934 2400 itaque
947 2321 1083 2382 homines
1096 2322 1210 2401 impro-

54 2409 134 2482 bos,
163 2408 267 2484 quales
298 2407 341 2466 illi
363 2407 505 2467 ridentur
533 2409 643 2484 tuisse,
670 2407 904 2468 vetustissimum
928 2409 1069 2468 Codicem
1095 2417 1209 2482 nactos,

40 2494 112 2553 ¹cni
128 2492 262 2552 auctoris
283 2513 390 2562 nomen
408 2513 468 2552 non
487 2503 564 2553 esset
580 2494 758 2574 inieriptum
768 2541 778 2569 ‚
800 2513 908 2552 nomen
929 2493 1103 2574 praefixisse
1122 2491 1210 2567 illud,

58 2579 147 2658 quod
162 2578 383 2638 arbitrarentur
396 2581 599 2660 contemptius
613 2579 832 2658 obscuriusque
842 2599 915 2654 esse,
938 2599 1027 2658 quem
1045 2588 1212 2655 utmagnus

59 2673 171 2724 contre
189 2683 240 2722 eos
257 2664 443 2724 auctoritatis
461 2683 523 2724 esse
536 2675 649 2745 posset.
681 2666 721 2724 Ut
736 2675 771 2724 ut
784 2665 835 2741 sit,
857 2664 1047 2726 manifestum
1064 2674 1144 2724 certe
1157 2673 1213 2737 est,

56 2749 279 2830 interpolatum
303 2749 396 2809 iciam
413 2749 533 2809 Codicis
553 2750 752 2832 antiquissimi
770 2752 912 2826 titulum,
933 2751 1129 2830 additumque
1149 2767 1216 2809 asse

59 2835 228 2896 recentiori
248 2855 348 2912 manu,
367 2844 402 2894 ut
417 2835 565 2910 dictinius,
587 2858 651 2898 eam
671 2837 790 2912 lineam,
810 2838 841 2896 in
857 2856 915 2916 qua
935 2836 1088 2896 Theodori
1108 2833 1216 2914 Grapti

60 2939 175 2981 nomen
192 2919 314 2996 legitur.
358 2923 503 3000 Superest
524 2922 582 2981 ism
600 2933 634 2981 ut
658 2921 865 2991 ostendamus,
889 2923 1054 2996 librorum,
1076 2942 1111 2979 eo
1128 2920 1217 2978 volu·

60 3005 147 3068 mine
175 3005 480 3084 comprehensorum,
510 3017 664 3068 auctorem
695 3027 758 3067 esse
779 3003 981 3086 patriarcham
1001 3001 1217 3084 Nicephorum.

62 3092 170 3153 Primo
186 3100 304 3151 constet
318 3089 523 3170 Nicephorum
546 3093 637 3151 mults
658 3114 715 3172 pro
738 3091 915 3169 imaginibus
938 3101 1042 3150 contra
1064 3092 1218 3149 lcanoms.
1312 3109 1321 3124 ’

64 3175 144 3237 chos
169 3177 259 3235 variis
282 3175 468 3256 temporibus
490 3176 601 3256 scripta
632 3177 772 3237 edidisse.
818 3176 948 3250 ignatius
972 3177 1137 3250 Diaconus,
1166 3173 1219 3252 qui
1254 3227 1255 3230 ,

55 3262 134 3324 'cius
151 3261 241 3320 vitam
256 3262 387 3342 scripsit,
410 3281 477 3321 eum
493 3261 534 3320 sit
547 3263 700 3340 aliquanto
713 3272 782 3342 post
796 3261 955 3320 Nicoenam
970 3261 1134 3342 Synodusn,
1151 3279 1219 3318 cuns

65 3355 151 3408 esset
184 3344 283 3408 adhuc
304 3349 416 3420 luicus,
445 3349 474 3406 in
497 3347 569 3406 fidei
591 3345 692 3408 hostes
713 3349 922 3410 insurrexisse.
944 3341 1011 3410 etiae
1028 3340 1083 3426 dri,
1111 3343 1222 3425 inquit,

59 3432 123 3498 'aul
139 3429 262 3516 όμέγας
274 3427 476 3512 Νικηφόρος,
496 3426 533 3495 sai
550 3434 638 3513 νίκης
652 3429 869 3514 ἐπιφερόμενος
883 3427 1049 3514 οήμοντρα,
1070 3428 1145 3493 suad
1161 3435 1224 3492 criu

66 3521 127 3598 τῆς
146 3520 275 3592 πίστεως
302 3513 476 3581 ἀντιπάλων
498 3512 587 3599 τοοὸν
617 3542 647 3579 es
674 3518 727 3581 seul
756 3511 898 3580 ἐνυάλιον
919 3510 1099 3600 ἀνεκρούετο
1125 3515 1224 3597 μέλος,

68 3598 207 3685 Χριστὸν
243 3601 321 3666 εἶναι
352 3597 553 3683 πιστούμενος
581 3598 803 3686 οἷπερίγρατττον
833 3599 908 3666 nard
935 3599 970 3666 ad
991 3606 1047 3682 τῆς
1068 3598 1225 3683 θεότητος,

72 3689 196 3752 ἁπλοῦν
227 3689 279 3752 nui
301 3683 477 3768 οἷνέττοφον·
514 3687 716 3772 περιγραπτόν
744 3687 849 3752 dissui
869 3684 1000 3796 yqunrdv
1021 3683 1097 3750 nurci
1117 3685 1150 3752 ed
1171 3691 1227 3767 τῆς

72 3768 326 3856 insenuitque,
355 3769 449 3837 cinric
469 3795 501 3836 ee
522 3774 574 3837 nui
599 3770 769 3852 cindatos,
805 3767 852 3848 οἷς
870 3799 905 3837 το
929 3775 1130 3848 εἰκονίζεοθοιι
1153 3774 1228 3850 dpu-

73 3853 173 3941 ρότως
195 3855 451 3942 ἔπακολουθήοοι.
497 3859 615 3934 Quibus
629 3861 736 3940 ignatii
755 3859 857 3920 verbis
876 3859 1002 3920 indicari
1019 3869 1094 3940 puto
1108 3855 1229 3940 Apolo-

71 3947 158 4026 giam
171 3967 226 4024 pro
244 3943 324 4007 Fide.
370 3946 405 4004 ln
421 3945 573 4025 Synodion
589 3947 725 4026 Epistola
746 3947 944 4006 Orientalium
960 3945 998 4005 ad
1018 3945 1229 4026 imperatorem

73 4029 281 4109 Theophilum
310 4041 495 4091 memoratur
520 4032 596 4092 liber
618 4043 724 4092 contra
750 4032 862 4092 Christi
894 4032 1052 4110 imaginem
1077 4053 1092 4090 a
1118 4031 1230 4090 Ioanne

75 4117 252 4193 Asssgnosts
280 4118 394 4193 editus,
431 4117 572 4196 idemque
596 4139 614 4178 e
637 4116 808 4197 Nicephoro
827 4117 987 4180 refutatus.
1030 4113 1231 4195 Theophanes

76 4204 243 4262 Confessus
273 4203 419 4279 integram
445 4203 701 4286 deicopronymi
718 4203 804 4264 obitu
826 4204 1044 4278 narrationem,
1075 4219 1113 4260 ex
1141 4198 1232 4259 tertio

77 4297 186 4347 contra
217 4289 411 4348 Mammosam
433 4288 637 4349 Antirrhetico
662 4291 852 4364 translatam,
884 4288 1034 4350 Chronico
1066 4305 1121 4344 suo
1149 4285 1234 4344 issae-

77 4375 161 4447 ruit;
184 4383 275 4452 atquc
291 4374 356 4434 eins
378 4373 556 4434 narrationis
572 4384 679 4434 auctor
693 4376 724 4434 in
740 4374 852 4434 Codice
867 4375 1034 4454 layeusano
1046 4369 1236 4449 Nicephorus

77 4459 253 4542 patriarcha
280 4459 449 4535 indicatur,
485 4467 562 4519 teste
582 4460 718 4522 Petavib.
750 4459 840 4518 ,vide
865 4461 1050 4536 fragmenta,
1080 4455 1236 4515 Breviorio

79 4543 235 4604 Chronico
257 4543 426 4625 Nicephori
445 4543 635 4624 patriarchae
657 4545 987 4619 subiunctaplidition.
1018 4544 1119 4603 Petav.
1147 4543 1238 4602 ,uam

80 4629 203 4692 codice*
221 4632 387 4710 loyeusano
414 4631 573 4690 consentit
589 4629 724 4692 michael
741 4631 877 4708 (ibycus,
901 4629 1062 4704 Annalium
1086 4636 1174 4708 parte
1200 4627 1239 4688 ΙΙ.

82 4735 153 4798 ppg.
178 4721 249 4782 137.
279 4715 361 4779 Edit.
385 4717 458 4798 lieg.
475 4715 528 4777 ubi
546 4727 691 4799 excerpta
710 4715 899 4780 sesecundo
921 4724 1029 4778 contre
1042 4715 1240 4777 hlommomm
