2686 4784
258 301 495 376 HISTORJAE
514 299 797 382 BYZANTlNAE
811 309 961 386 XXII-l
1049 303 1149 388 1065

19 467 115 557 θίρα
128 473 262 556 τροπῆς.
293 467 358 556 χρὴ
377 461 435 540 οὐκ
446 465 526 555 μήτε
541 470 740 557 σομβεβηκύς
755 472 804 540 int
825 478 904 542 θεοῦ
925 457 1041 564 λίγεικ,
1066 473 1147 565 μήτε
1163 490 1228 542 ac.
1243 489 1311 550 1³51

21 571 198 656 aurdanau.
224 577 290 639 τῶν
310 572 370 659 γὰρ
389 573 551 642 σονθίτοιν
571 581 683 648 ταῦτα,
718 572 821 644 πόντοι
837 576 873 644 δ’
896 575 958 648 όσα
976 579 1035 664 ἔχει
1059 560 1311 663 θεός,Ῑ“Ρ·Ῑο·Ο“““

25 673 127 765 φύσει
148 673 207 759 ἔχει
220 677 272 742 καί
289 675 345 740 οὐκ
360 676 541 762 ἓπίκτητα.”
566 676 625 744 εἴτ’
640 671 696 746 οὐκ
709 677 819 746 οὐσίαν
836 678 970 763 εἴποιμεν
985 683 1043 769 τὴν
1059 685 1173 770 irio-E

22 803 118 865 γειαν
133 775 253 862 τσύτην
265 780 313 843 int
329 785 407 872 θεοῦ
414 827 425 860 ,
452 785 510 865 τῆς
525 777 635 857 οὐσίας
650 783 765 866 ίκείνης
780 779 950 870 διάφορον,
972 785 1032 852 εὐτε
1053 786 1145 854 ποιό-
1165 764 1193 817 v·
1204 761 1259 822 ⁵4⁰

10 887 116 966 ότητα
137 887 372 966 συμβεβηκυῖαν
397 882 556 960 οὐσιωόῶς
578 883 659 950 κατὰ
682 885 734 966 σὲ,
762 885 799 951 τό
820 888 979 974 σφαλερόν
1004 889 1143 960 ἀνίατον.

26 984 105 1062 σύςε
120 983 181 1072 γὰρ
198 982 255 1050 orio
269 983 378 1062 οὐσίας
394 982 529 1051 δόναταί
548 1011 596 1062 τις
615 993 681 1054 τῶν
702 987 837 1071 εὐσεβῶν
851 991 962 1066 θεῖκύς
977 990 1141 1075 ὀνομάσαι,

10 1091 83 1153 ’καί
107 1085 165 1153 olo
184 1088 344 1172 ποιητικός
365 1087 465 1173 ἀρχὰς
491 1085 548 1177 (ὥς
576 1088 640 1156 ὐνω
661 1116 722 1156 που
745 1087 913 1175 διδειχότες
936 1093 1079 1180 ’ίφθημεν
1107 1098 1141 1162 ίν

24 1196 165 1268 πολλαῖς
178 1189 375 1258 διδασκάλων
389 1188 490 1276 όγίαις
502 1191 651 1279 γραφαῖς)
678 1193 749 1259 οὐτε
764 1201 821 1279 τῆς
832 1196 925 1272 θείας
938 1197 1046 1276 οὐσίας
1060 1200 1171 1266 ἐκεί-[ι’

24 1311 88 1378 νης
103 1291 233 1376 ποιότης
250 1294 326 1359 ποτὲ
345 1299 500 1378 νοηθῆναι
517 1291 648 1362 όύναται
663 1294 833 1385 διάφορος,
859 1295 880 1383 ἢ
903 1303 956 1364 καί
977 1299 1140 1388 οὐσιιόόης.

9 1397 67 1463 tab
87 1396 150 1481 γὰρ
166 1395 332 1476 οὐσιῶδες,
358 1397 456 1483 μίρος
470 1397 578 1475 οὐσίας
593 1401 690 1486 φασίν
704 1402 737 1465 oi'
747 1425 780 1466 τε
793 1407 851 1486 τῆς
870 1401 1032 1487 ἐκκλησίας
1046 1409 1142 1492 σοφοί
1157 1415 1189 1471 P.
1202 1403 1258 1474 6θο

26 1497 213 1566 διδάσκαλοι
221 1548 232 1578 ,
260 1496 303 1576 ὥς
318 1499 464 1586 ὐνωτίρο)
480 1501 629 1567 όίύεικται
636 1551 648 1583 ,
674 1505 725 1568 καί
741 1502 771 1568 οἱ
784 1500 933 1590 θύραθιν
944 1512 1003 1589 τῆς
1016 1504 1145 1592 ἐπιστή-

24 1627 93 1686 μης
108 1607 174 1668 τῶν
190 1598 290 1688 λόγων
308 1599 427 1693 εὐρεραί
444 1607 495 1670 καί
510 1600 636 1680 κανόνες
650 1607 702 1670 καὶ
720 1602 873 1688 στόθμαι.
909 1597 1021 1693 οὐγὰρ
1042 1608 1142 1696 ὐφαι-

27 1705 181 1788 ριθὲντος
204 1710 392 1790 κολοβσῦται
421 1705 457 1772 τό
487 1705 580 1787 bion,
606 1707 701 1793 μίρος
723 1705 839 1794 ἀνάγκη
866 1707 957 1775 τοῦτ’
982 1707 1059 1776 είναι
1082 1717 1140 1778 τοῦ

26 1807 116 1876 blora.
145 1811 173 1874 al
189 1799 246 1874 οὐν
259 1804 279 1892 ηε
294 1809 428 1894 ίνίργεια
442 1807 522 1895 αὐτὴ
537 1811 633 1896 μίρος
652 1811 718 1876 lori
735 1817 792 1896 τῆς
805 1810 913 1889 οὐσίας
927 1811 1007 1878 κατὰ
1023 1815 1068 1894 σί,
1097 1811 1142 1892 ὥς

8 1908 203 1996 ῑούσιιόύης,
230 1912 295 1977 εἶπέ
311 1917 378 1988 πῶς
399 1910 477 1980 ἄλλο
498 1912 584 2000 παρὰ
602 1912 661 1998 τὴν
679 1912 809 1994 οὐσίαν,
836 1911 857 1998 ἢ
880 1919 948 1992 πῶς
964 1915 1060 2000 μίρος
1082 1921 1139 1984 τοῦ

26 2013 185 2102 ὐμεροῦς,·
212 2017 240 2078 al
256 2013 290 2079 όέ
302 2011 431 2098 ποιότης
443 2011 595 2103 διάφορος
601 2064 612 2097 ,
638 2023 710 2093 πῶς,
716 2018 815 2104 χωρίς
828 2013 1027 2101 ὐποκειμίνον
1041 2014 1140 2084 δόνα-

24 2143 80 2183 ται
106 2115 305 2202 νοηθῆναιῆ
335 2123 491 2204 φανῆναις
524 2117 598 2184 οὐδὲ
626 2118 686 2206 γὰρ
714 2117 788 2186 ὐνεα
818 2115 1020 2204 ὐποκειμίνον
1045 2123 1165 2210 σχρίηΒ
1262 2118 1264 2124 ’

24 2220 102 2286 ποτ’
122 2219 162 2285 ἂν
175 2219 326 2306 ὕπαρξιν·
352 2219 390 2286 τό
412 2221 447 2286 δὲ
470 2219 515 2304 μὴ
536 2217 677 2308 ὐπόρχον
698 2227 766 2298 πῶς
784 2219 879 2304 θεός,·
907 2218 984 2314 ὁρᾷς
1002 2230 1070 2301 πῶς
1086 2226 1139 2290 διό

24 2331 86 2410 τῆς
106 2325 257 2410 ἐνεργείας
279 2318 397 2406 ταύτης
410 2325 461 2400 ἐἰς
484 2321 633 2391 ὐθέίανό
660 2319 959 2408 Παλαμύςίλαύνει
978 2325 1060 2403 aazia
1082 2333 1139 2393 νύν

7 2423 165 2510 ἐὐμαθεῖς
178 2433 236 2510 τῆς
246 2426 408 2510 ἐκκλησίας
418 2413 598 2512 προστύτας
604 2455 616 2510 ,·
636 2425 761 2494 Ἔπειτα
779 2434 847 2505 πῶς
860 2424 1032 2514 ὐιόφορονς
1050 2429 1137 2510 „oei-

7 2527 78 2596 ’όέν
94 2529 188 2616 γὰρ,”
210 2530 298 2616 φησί,
315 2533 406 2608 »τῶν
422 2525 497 2594 τίνοι
511 2529 682 2614 λιγομίνωκ
695 2529 731 2596 τό
749 2526 881 2596 σύνολον
895 2529 955 2614 ἔχει
969 2530 1006 2598 τό
1021 2534 1136 2618 κυρίως

1177 629 1283 684 tacun5

23 2631 114 2700 εἶναι.
149 2631 262 2698 οὐκοῦν
277 2629 368 2698 οὐδὲν
388 2635 433 2724 τῷ
449 2637 514 2726 θεῷ
531 2632 568 2698 τό
584 2628 734 2724 παρόσον
747 2633 781 2712 ἐξ
795 2631 896 2699 ὐὶόίοσ
913 2639 1136 2720 σονθειορεῖται

22 2795 168 2852 mutatione
184 2793 308 2850 inmunia.
344 2793 414 2848 Hine
433 2792 461 2848 lu
477 2793 535 2849 Deo
552 2813 636 2868 neque
651 2794 773 2850 aeeidoua
787 2813 845 2850 aare
863 2793 996 2852 dicendum
1012 2797 1069 2860 eal,
1086 2811 1135 2850 na·
1161 2797 1164 2806 '

64 2867 345 2988 tulllilllll
355 2864 1135 3003 :ltili‘’tlltttltltl'tlll‘'tibitibi‘

204 2973 213 2996 e
496 2971 505 2996 a
832 2973 840 2988 ·
1120 2959 1136 2974 ¹

22 3021 82 3058 uaua
104 3007 171 3056 bane
188 3004 236 3057 Dei
256 3001 430 3072 operationem
446 3001 473 3054 in
491 3020 522 3054 ao
544 3020 602 3054 erae
623 3003 769 3056 distinctam
790 3020 805 3056 a
824 3003 984 3066 aubatuntia,
1003 3005 1059 3055 aira
1082 3005 1135 3070 (ul

22 3073 174 3141 αἰτείτω)
193 3073 341 3143 qualitatem
354 3089 413 3124 eaeo
424 3071 630 3124 substantialiter
643 3071 816 3135 accidentem,
833 3072 861 3125 iu
877 3088 991 3124 errorem
1002 3070 1134 3124 inaanabi·

20 3142 73 3196 leur
86 3143 264 3212 impingantur.
301 3142 367 3194 Naru
383 3141 480 3208 piorum
495 3157 568 3193 nemu
588 3141 652 3194 duaa
666 3149 755 3210 puteat
772 3140 823 3194 Dei
839 3141 999 3194 substantiae
1017 3141 1134 3193 numina-

21 3227 73 3275 re,
91 3221 120 3264 et
136 3212 188 3263 duo
207 3210 328 3264 ell'ectiaa
350 3207 493 3280 principiaa
512 3218 541 3262 ut
557 3212 607 3262 iana
630 3221 709 3263 antea
726 3212 813 3263 ruultia
830 3221 975 3262 aauctoruua
997 3208 1133 3264 doctorum

20 3281 179 3334 teatinaouiia
200 3280 439 3334 demonatraviruua.
481 3278 575 3348 Neque
597 3296 707 3348 unquam
727 3281 754 3331 iu
776 3280 832 3332 Deo
855 3277 1000 3348 excogitari
1017 3279 1132 3346 qualiter

19 3351 140 3420 putarit,
157 3365 250 3418 quaer
265 3349 353 3401 divina
374 3348 521 3401 aubatautia
535 3347 725 3416 distinguatur,
744 3356 791 3402 aut
805 3363 874 3418 quae
892 3347 928 3400 ait
945 3346 1131 3400 substantialia.

19 3419 107 3482 Quod
122 3417 187 3472 enim
199 3417 369 3472 aubatautiale
382 3424 438 3480 eat,
457 3433 517 3486 para
534 3424 575 3470 eat
587 3418 764 3480 aubatantiae,
782 3423 811 3469 ut
823 3420 918 3470 docent
932 3423 985 3470 turn
999 3417 1133 3487 eapientea

20 3486 152 3540 eceleaiae
171 3487 305 3550 ducturae,
322 3497 376 3539 turn
397 3486 537 3555 acriptorea
558 3487 675 3556 profani,
693 3487 737 3556 qui
752 3488 889 3539 verborum
903 3484 1038 3538 erientiam
1056 3485 1132 3540 adin·

18 3565 167 3620 venerunta
183 3557 216 3609 ad
230 3573 338 3626 quorum
352 3555 460 3624 proinde
473 3571 584 3608 oauouea
599 3563 627 3609 et
643 3556 747 3624 regulae
761 3571 793 3607 ea
813 3553 997 3624 perpendenda
1009 3561 1058 3606 eat
1092 3553 1130 3606 Et

18 3635 100 3680 uerte
111 3625 154 3688 id,
171 3642 222 3694 quo
234 3625 335 3678 rublato
349 3625 480 3676 mutilatur
496 3633 596 3688 toturn,
614 3623 695 3678 totiua
711 3631 810 3694 partem
826 3641 885 3677 eaae
898 3639 1006 3676 neeaaae
1021 3629 1071 3676 eat.
1097 3621 1129 3674 ai

18 3711 88 3764 ergo
107 3694 165 3764 ipae
182 3693 317 3763 operatio,
335 3702 427 3764 utpote
443 3693 637 3756 substantialia,
656 3711 689 3746 ex
709 3703 754 3746 tua
773 3693 902 3746 tentantia
924 3709 986 3760 para
998 3699 1045 3746 eet
1064 3691 1129 3742 aub-

18 3763 153 3827 mure,
169 3762 213 3815 (lio
227 3762 302 3816 nobia
319 3779 371 3832 qua
381 3761 482 3814 tandem
497 3761 598 3815 ratione
614 3761 683 3816 aliud
696 3763 732 3815 ait
743 3779 764 3832 ¹a
774 3759 936 3824 aubatantia‚
954 3769 1002 3813 aut
1019 3758 1055 3813 ait
1066 3759 1131 3828 para'

17 3832 104 3894 illiue,
116 3832 186 3902 quod
202 3832 286 3884 nullae
302 3831 380 3883 babet
400 3831 508 3900 partea'l
532 3832 563 3883 Si
578 3848 640 3884 vero
654 3832 707 3883 iata
722 3830 838 3901 operatio
853 3830 967 3900 qualitur
981 3837 1048 3882 eata
1066 3827 1129 3880 aub-

18 3902 123 3955 atautia
132 3900 270 3964 obtinete,
287 3899 413 3968 quomodo
426 3899 482 3952 aine
494 3900 613 3953 aubieuto
628 3899 738 3968 intelligi
751 3909 796 3953 aut
808 3898 923 3968 eunapici
937 3896 1044 3968 puteat?
1062 3896 1129 3948 Nam

17 3971 80 4024 aine
89 3970 207 4022 aubieoto
221 3968 397 4022 aaaiateutluru
410 3969 505 4022 babere
518 3987 647 4040 nunquam
659 3971 765 4039 poterit.
801 3967 880 4030 Quod
894 3977 980 4020 autem
996 3982 1045 4018 non
1057 3964 1129 4016 exai-

16 4041 88 4099 atit,
104 4039 231 4108 quomodo
244 4038 317 4090 Deua
333 4037 404 4089 eritl
430 4037 510 4090 Vidua
523 4053 574 4106 qua
588 4038 705 4100 ratione,
722 4054 772 4120 par
789 4035 856 4090 bauo
869 4037 903 4090 do
916 4035 1012 4087 divinia
1033 4051 1049 4085 ο
1069 4049 1129 4086 era-

15 4109 137 4162 tionibua
156 4107 315 4178 opinionem,
338 4105 472 4175 imparitoa
496 4107 623 4160 eccleaiae
640 4107 771 4160 antistatae
791 4106 817 4158 iu
841 4103 1031 4158 atheiamuml’
1059 4118 1129 4154 amaa

14 4177 157 4247 impellat?
180 4176 282 4229 Deinde
298 4191 362 4228 vero
384 4176 429 4244 qui
447 4175 504 4228 lieri
525 4184 627 4245 puroet,
651 4184 680 4228 ut
699 4176 752 4228 iata
775 4173 865 4226 divina
884 4171 1003 4240 operatio
1024 4177 1094 4224 eaaet
1112 4187 1130 4224 a
1239 4183 1240 4188 ’

13 4246 70 4302 Dei
91 4246 236 4300 aubatautia
254 4245 279 4298 ‹l'
308 4243 401 4298 'natal
424 4243 463 4297 Ut
477 4245 544 4298 enim
558 4244 596 4297 ait
609 4247 638 4300 S.
652 4243 798 4310 Maximae,
816 4258 923 4306 „eorum
938 4257 1005 4310 quae
1018 4255 1075 4292 eaae
1089 4237 1129 4292 di·

11 4323 116 4372 euutur
128 4316 193 4368 nibil
206 4315 285 4368 babet
303 4312 403 4368 omniuo
417 4313 523 4384 proprie
536 4331 604 4368 eare.
638 4313 725 4384 lgittu
738 4311 803 4384 nibil
821 4325 928 4382 pronun
941 4324 993 4364 uua
1003 4325 1060 4364 euru
1071 4306 1128 4362 Doo

89 4401 255 4471 Nieepltom
267 4403 378 4472 urago.
404 4399 460 4457 Vol.
480 4401 517 4456 11.
878 4386 926 4454 fib
