2804 4770
450 299 809 372 sunorsnonns.
946 277 950 286 '
1107 294 1207 368 1317

149 459 221 538 Pag.
247 461 346 537 1113,
367 462 398 524 7.
445 459 513 520 Tan
534 453 610 518 κατά
639 458 786 540 διαίρεσιν
804 452 1015 540 χαρισμάτων]
1046 457 1077 520 E
1099 463 1206 542 gratiis

57 543 213 621 gratuitis,
240 559 319 624 ρααι·
329 543 410 604 Deos
425 539 618 602 diversimode
631 540 791 604 distribuit.
823 545 873 602 Sic
887 554 998 603 vocent
1018 542 1153 623 theologi
1170 567 1205 606 es

59 635 187 685 externa
207 627 260 686 Dei
283 629 377 704 dona,
405 649 483 708 quae
505 628 607 706 potirm
630 627 669 686 sd
691 637 879 688 coeterorum
902 630 1061 688 utilitatem
1084 631 1205 707 dantur,

57 727 147 788 quam
172 711 210 770 ad
229 714 460 782 emolumentum
480 712 564 772 illins
581 713 612 772 in
628 733 716 790 quem
732 713 947 790 conseruntur3
971 723 1004 773 ut
1019 715 1205 776 dona-mira·

56 797 213 871 culorum,
235 797 405 876 linguarum
426 807 483 862 etc.
528 813 709 858 emenone.
1115 839 1118 846 ,

142 879 216 961 Ρος.
242 889 340 960 1114,
361 890 390 949 7.
420 877 467 945 Ἢ
479 877 517 945 aei
531 877 657 945 ιιάιιεῒνα
670 884 706 946 iv
723 880 776 944 καλ
787 875 900 946 ταάτάν
915 881 993 965 ἐρεῖς
1006 887 1114 969 epitasi
1124 891 1204 950 θεοῦ

55 959 168 1046 aricia]
195 966 320 1027 Videtur
334 967 384 1026 hic
396 969 530 1028 Palenses
549 968 706 1048 impegisse
721 967 752 1027 in
771 961 1002 1044 ruminarem,
1025 970 1078 1048 qui
1101 973 1202 1032 abbati

52 1030 209 1110 Ioaciritno
221 1051 352 1112 tributus
368 1063 421 1128 cst,
443 1063 473 1112 et
488 1055 519 1112 in
535 1053 670 1112 Concilio
687 1051 821 1114 Lateran.
836 1054 886 1113 tv.
906 1055 961 1113 sub
979 1055 1132 1117 Innocent.
1147 1059 1200 1120 111.

52 1156 133 1196 anno
152 1137 268 1196 Domini
288 1140 379 1204 1215.
398 1139 569 1196 damnatus:
593 1140 675 1218 quod
691 1159 797 1218 nempe
815 1147 876 1199 tres
896 1160 1041 1219 personae
1069 1142 1199 1218 divinae,

51 1241 114 1280 non
130 1230 247 1281 tanturn
267 1223 347 1282 inter
362 1244 410 1298 se,
432 1223 485 1283 sed
503 1232 532 1283 et
556 1224 593 1282 ab
615 1225 749 1284 essentia
762 1223 865 1283 divina
889 1225 1010 1284 realiter
1034 1225 1201 1306 distingue-

50 1316 165 1367 rentur.
186 1308 254 1366 Hoc
269 1318 366 1368 autem
380 1307 545 1368 catholicae
559 1308 628 1366 fidei
641 1311 769 1368 maxime
783 1309 972 1371 adversatur.
1001 1312 1077 1370 Nam
1094 1313 1123 1371 in
1140 1313 1199 1372 hoc

48 1392 215 1472 praecipue
244 1403 303 1452 etat
323 1395 526 1453 sanctissimos
548 1394 704 1453 Trinitatis
724 1394 917 1472 mysterium,
952 1397 1035 1474 quod
1064 1417 1124 1456 nna
1157 1399 1199 1458 sit

49 1479 172 1536 omnino
184 1488 308 1551 nature,
332 1489 360 1538 et
378 1490 437 1538 tres
452 1491 598 1558 pertonsa
617 1481 739 1540 realiter
756 1480 928 1540 distinctae:
951 1501 1028 1559 quae
1045 1483 1197 1544 tamenab

47 1563 139 1622 unica
159 1563 210 1622 ills
225 1575 330 1624 notura
347 1565 468 1624 realiter
483 1585 543 1623 non
560 1564 789 1644 distinguantur.
833 1585 1016 1628 narrarent.

101 1695 102 1698 =
133 1651 212 1730 Pag.
235 1648 333 1725 1114,
357 1655 407 1715 to.
442 1647 498 1724 “Ac
512 1648 531 1711 o‘
545 1647 724 1731 προφήτης]
747 1649 813 1708 isai.
827 1651 881 1710 xt.
906 1669 1091 1714 csrrrrontt.

133 1737 210 1816 1²03.
236 1741 333 1811 1114,
355 1741 404 1802 13.
446 1733 480 1798 ‘0
495 1737 609 1816 ιιρ1νιον
623 1739 726 1799 πᾶσαν
743 1759 772 1797 ιι.
783 1757 809 1796 τ.
829 1735 875 1816 t]
900 1736 1007 1796 Genea.
1031 1742 1079 1803 18.
1123 1757 1196 1797 cse-

44 1837 173 1878 renone.

133 1903 205 1984 Peg·
230 1906 312 1978 1115
318 1949 329 1981 ,
352 1911 383 1971 2.
430 1901 471 1968 Τά
486 1897 727 1987 indemnitatis
741 1899 859 1984 κόσμου
874 1900 1117 1985 ἡτοιμασμένον]
1134 1897 1195 1963 'st-

43 1987 125 2047 ludit
149 1989 283 2050 Palenses
305 1989 342 2049 ad
369 1989 471 2050 Matth.
495 2011 563 2070 cap.
585 1992 681 2053 XXV.
712 1989 818 2050 Venite
840 1987 986 2050 denedicti
1006 1991 1103 2070 patrie
1127 1992 1193 2064 enei,

42 2071 193 2155 possidete
211 2090 350 2157 parntem
369 2073 453 2136 nobis
474 2097 592 2158 regnum
612 2096 631 2134 a
651 2076 857 2137 constitutione
870 2071 983 2134 muntii.
1007 2094 1193 2136 ceraunorttt.

134 2163 203 2240 Peg.
228 2163 325 2236 1115,
345 2165 375 2224 7.
419 2161 499 2242 Περλ
516 2165 572 2240 τῆς
591 2163 681 2235 θείας
696 2156 910 2241 μεταλήψεοις]
938 2159 984 2218 tn
1006 2161 1115 2219 Graeci
1139 2181 1193 2221 vo-

43 2253 116 2304 cant
132 2265 234 2303 sacrae
250 2244 457 2304 Eucharistiae
479 2247 693 2325 sumptionem:
718 2245 787 2325 quia
810 2256 845 2306 ut
862 2245 940 2305 belia
953 2243 1090 2307 habers,
1106 2245 1189 2309 loen.

40 2331 179 2388 Damaso.
202 2331 255 2389 lib.
272 2329 322 2392 lv.
346 2328 467 2390 orthod.
489 2331 543 2391 fid.
569 2326 614 2394 δι’
631 2327 726 2410 αὐτῆς
744 2336 799 2411 τῆς
820 2325 919 2409 Ἰησοῦ
940 2323 1083 2409 θεότητος
1104 2355 1190 2411 μετα·

39 2409 254 2495 λαμβάνομεν,
273 2437 326 2495 per
339 2437 404 2474 eam
422 2412 531 2476 Christi
553 2413 718 2477 divinitatis
731 2417 893 2497 participer
908 2415 1067 2498 ffaimur.
1099 2417 1190 2477 tnffe.

39 2510 113 2559 runt
129 2510 226 2560 autern
243 2500 323 2578 apud
341 2501 471 2560 Graecos
483 2501 633 2562 interdum
650 2496 816 2580 μετάληψις
831 2512 861 2560 et
876 2497 1044 2579 μετάδοσις.
1067 2500 1189 2582 Quippe

39 2579 213 2666 μετάληψιν
227 2595 340 2646 vocant.
356 2587 517 2664 sanguinis,
527 2584 687 2664 μετάδοσιν
698 2605 773 2645 vero
790 2587 927 2666 corporis
943 2584 1089 2644 dominici
1107 2607 1188 2648 corn-

37 2670 223 2730 munionem.
269 2671 354 2730 Unde
368 2671 398 2729 in
413 2672 588 2748 imaginibus
605 2691 682 2751 quaa
698 2669 818 2750 depingi
837 2670 935 2730 solent
947 2670 978 2728 in
992 2669 1070 2728 sacri
1085 2672 1188 2733 altaris

38 2753 181 2828 conchis,
205 2753 343 2814 Christus
357 2755 509 2832 effingitur
523 2775 625 2816 sacrae
641 2775 758 2815 mansae
773 2754 907 2814 assidens
920 2753 1056 2813 manibus
1070 2755 1102 2814 in
1119 2777 1191 2822 cru,

37 2860 104 2900 cern
126 2839 305 2899 decussatis:
328 2840 433 2900 dextra
453 2841 590 2920 quidem,
616 2841 666 2899 cui
682 2859 743 2900 vox
766 2833 935 2920 μετάληψις
960 2840 1105 2920 inscripta
1129 2853 1184 2918 est,

37 2925 180 2998 calicem
204 2927 341 3000 sinistra,
365 2924 415 2983 ubi
439 2944 501 2983 vox
521 2927 578 2986 alia
599 2920 757 3006 μετάδοσις
771 2924 895 3003 legitur,
917 2944 1024 3004 penem
1047 2937 1185 2989 sanctum

34 3011 204 3089 porrigens.
248 3011 325 3070 Hinc
340 3010 371 3068 in
391 3010 531 3088 liturgia,
554 3010 758 3090 chrysostomi
775 3010 894 3069 nomine
908 3011 1069 3091 inscripta,
1091 3009 1185 3092 μετά-

35 3095 90 3168 δος
105 3119 157 3175 μοι
177 3094 306 3158 δέσποτα
326 3095 360 3158 τὸ
379 3094 479 3175 τ1μιον
495 3096 548 3159 ιιαλ
569 3094 602 3160 τά
621 3091 709 3178 άγιον
724 3100 810 3174 σῶμα
830 3099 888 3158 eati
900 3095 1034 3179 Kopion,
1055 3095 1184 3160 Domine

34 3181 183 3260 impertire
195 3179 268 3240 milri
284 3179 457 3241 honorabile
470 3201 509 3241 ao
520 3197 655 3241 sanctum
669 3179 783 3240 domini
797 3201 911 3261 corpus.
939 3182 976 3240 Et
994 3191 1109 3261 postes,
1129 3185 1183 3248 καλ

34 3261 110 3345 μετά
126 3260 295 3346 μετάληψιν
311 3265 461 3348 σιτομγὶζει
481 3270 526 3350 τῷ
544 3260 714 3344 καλύμματι
731 3262 765 3329 τά
776 3259 866 3346 ἅγιον
881 3261 1042 3346 ποτήριον,
1066 3282 1093 3326 et
1111 3285 1182 3353 post

30 3351 292 3430 participationem
318 3350 415 3429 [sacti
429 3351 597 3431 sanguinis]
614 3349 755 3432 abstergit
779 3347 923 3430 velamine
942 3365 1077 3411 sanetum
1103 3353 1182 3416 caii-

32 3454 107 3492 cem·
131 3430 300 3514 μετάληψις
314 3436 442 3494 sumitur
458 3437 544 3495 etiam
562 3437 599 3496 de
619 3436 814 3516 perceptione
829 3440 886 3498 coti
897 3430 1096 3517 Ἀντιδάρον,
1116 3457 1181 3502 'seu

29 3517 289 3598 paniebenedicte'.
328 3518 502 3599 Pachymer.
519 3521 573 3587 lib.
595 3521 630 3582 V.
654 3541 722 3601 cap·
743 3525 773 3586 8.
798 3519 831 3582 ἐν
848 3517 1016 3601 μεταλήψει
1034 3519 1068 3584 δὲ
1088 3527 1178 3588 osteo

31 3599 127 3682 άρτοιι
144 3600 181 3666 δν
197 3599 375 3685 Ἀντίδωρον
392 3604 526 3687 λέγόνσι,
549 3608 581 3666 in
600 3606 785 3688 perceptione
807 3602 902 3665 divini
915 3607 1005 3689 panis
1023 3629 1107 3689 quem
1125 3631 1179 3670 oo-

30 3701 102 3747 cant
124 3683 309 3768 άντλδοιρον,
336 3689 369 3748 id
392 3701 451 3766 est,
485 3689 691 3751 Eucharistiae
710 3687 959 3771 supplementum:
988 3691 1117 3772 danique
1138 3693 1185 3755 da

28 3775 224 3853 perceptione
247 3794 340 3854 aquae
362 3773 549 3853 benedictae,
571 3775 737 3855 Eucholog.
755 3774 899 3837 dilutian.
925 3771 1049 3838 πάντων
1069 3776 1102 3840 δὲ
1127 3799 1198 3858 μεν

28 3855 304 3939 ταλαμβανομὲνων
321 3858 373 3922 nai
388 3859 591 3945 α’γιαζομένιον
607 3861 640 3925 ἐκ
659 3866 715 3924 τοῦ
731 3855 934 3942 άγιασμάτιαν.
980 3858 1053 3918 Crem
1076 3883 1176 3923 omnes

24 3945 240 4021 participarent
260 3965 369 4024 aquam
390 3943 570 4007 benedictam
593 3969 682 4030 eaque
699 3947 963 4026 sanot'fioarentnr.
993 3965 1174 4009 censeant.

113 4025 159 4086 Pe
181 4070 189 4087 ·
214 4031 314 4103 1115,
344 4033 396 4094 20·
440 4034 524 4093 Πάσι
551 4037 615 4104 τοῖς
636 4029 739 4104 άλλοις
766 4030 881 4112 λόγοις,
917 4027 995 4112 άτιάρ
1028 4025 1174 4111 ἕξ-ηἰιοντα
1200 4059 1201 4065 “

26 4099 118 4190 otior]
145 4052 272 4173 dissuis
293 4111 491 4191 arationibus,
513 4137 589 4198 quas
600 4113 670 4198 plus
686 4119 847 4196 sexaginta
866 4116 994 4196 scripsit.
1038 4116 1172 4177 Palenses

25 4197 176 4257 orationes
204 4199 326 4278 scripsit
347 4201 441 4258 multo
464 4201 566 4282 piures
588 4221 681 4281 quarn
701 4202 864 4280 sexaginta.
907 4202 1033 4262 Exstant
1053 4202 1086 4260 in
1110 4221 1172 4260 nno

24 4279 139 4343 Codice
153 4283 246 4362 Regio
260 4285 299 4366 (ie
318 4293 363 4345 est
378 4285 482 4346 Codex
495 4286 602 4372 2404.)
629 4285 776 4348 Homiliea
790 4285 935 4366 variaque
948 4286 1013 4348 eius
1024 4287 1175 4370 opuscula
