2724 5168
241 303 318 377 oua
535 307 768 378 urcuuuoru
787 277 1029 375 unuuounu

82 487 110 538 λ.
119 485 152 536 bi.
162 482 237 540 '6852
245 479 304 557 ζων
326 469 438 540 oritoni
461 467 580 560 νόκτωρ
607 473 658 537 καί
682 469 762 554 μεθ’
785 467 903 557 ἡμέραν
922 469 1117 556 τρυφαῒςκαί
1137 460 1244 543 πότοις
1262 461 1330 532 άδει

115 557 164 606 ¹¹¹‘l'
177 555 210 609 ²²
244 601 351 663 στερον
379 574 537 660 ἐσχόλαζε,
572 577 622 640 καί
645 574 804 661 αὐλητρίσι
824 575 875 639 καί
904 571 1079 658 δρχηστρίσι
1103 570 1225 636 διετέλει
1253 591 1331 634 συνα

247 681 410 764 σελγαίνων
431 682 482 743 κοιλ
505 677 579 754 τοδς
602 674 798 762 ἦγεμονικοδς
819 674 1000 760 θησαυροδς
1018 679 1081 738 τῶν
1097 674 1331 756 Τραπεζουντία

246 781 419 872 ἀναλίσκων
441 781 472 844 ἐν
494 791 558 856 τοῖς
582 777 748 856 τοιοότοις·
776 776 819 855 ὥς
847 772 1117 862 ἀγανακτήσαντας
1139 774 1213 849 τοδς
1227 779 1331 856 Σχολα

243 887 329 972 ρίους
348 883 619 966 μεταπέμψασθαί
637 907 669 946 τε
690 881 744 947 τὸν
764 880 883 965 πατέρα
904 886 961 944 τοῦ
981 879 1050 944 νέου
1065 873 1214 962 ἡγεμόνος
1232 877 1268 940 ἐκ
1287 881 1331 940 τά

217 988 391 1068 θΛιμνίων
413 985 545 1068 Μιχαὴλ
567 984 621 1050 τόν
634 983 799 1067 Κομνηνδν
815 983 914 1072 (ἔτυχε
933 980 991 1067 γάρ
1008 977 1088 1046 auid
1105 979 1241 1061 κατέχων
1256 976 1331 1042 oded

246 1090 388 1170 ἐκτομίας
409 1077 471 1152 ἐκεῖ
495 1085 786 1172 προτετελευτηκώς)
811 1089 861 1151 καὶ
882 1083 977 1149 αότδν
998 1084 1055 1165 μέν
1076 1093 1140 1157 τοῖς
1161 1078 1331 1166 ἡγεμονικοί

245 1186 534 1276 έγκαθιδράσασθαι
562 1185 705 1274 θρόνοις,
740 1188 794 1255 τόν
815 1189 849 1252 δέ
870 1184 1068 1271 νεωτεριστὴν
1089 1185 1213 1266 δέσμιον
1240 1184 1273 1258 ἐς
1295 1182 1331 1266 rr]

245 1299 309 1359 τῶν
333 1293 509 1370 Βυζαντίων
532 1292 684 1374 ἐκπέμψαι
709 1287 857 1376 φρουράν.
911 1287 985 1376 (Η.)
1014 1285 1082 1370 Τήν
1104 1311 1136 1371 γε
1149 1285 1212 1368 μὴν
1235 1281 1331 1370 ἧγεμο

246 1397 315 1460 νίαν
337 1392 418 1460 οὕτω
443 1391 668 1477 διαζωσάμενος
689 1389 706 1458 ό
728 1391 891 1482 Κομνῃνδς
914 1391 1062 1474 Μιχαὴλ,
1087 1387 1127 1473 ἢν
1149 1385 1246 1452 πάλαι
1258 1389 1319 1469 μίν

246 1496 350 1580 πατὴρ
370 1498 403 1561 ἐκ
427 1499 574 1579 διαδοχῆς
596 1493 654 1579 είχε
672 1502 869 1581 προγονικῆς,
905 1495 1017 1558 ἐκείνου
1041 1490 1078 1556 δ’
1102 1487 1332 1568 ἀπαλλάξονται

243 1599 375 1678 Ἀλέξιος
396 1595 413 1664 ὃ
436 1595 548 1664 τοάτου
573 1599 730 1676 διεδέξατο
751 1597 901 1684 άδελιγδς,
937 1597 990 1660 καί
1006 1591 1077 1678 μετ’
1099 1595 1210 1658 ἐκεῖνον
1218 1641 1228 1671 ,
1258 1591 1332 1676 δίςγ

217 1699 431 1787 Βείρῆκειμεν,
460 1701 512 1766 διὰ
532 1707 596 1765 τῶν
610 1701 726 1783 μεταξδ
748 1703 834 1764 δυοῖν
854 1701 1018 1782 μειρακίων
1039 1699 1081 1772 είς
1094 1703 1204 1761 τοῦτον
1217 1701 1332 1777 κατελη

246 1805 376 1869 λυθέναι
398 1803 599 1888 ξυνέδραμεν,
626 1804 780 1888 ἐπέραινεν
794 1801 848 1888 ἐφ’
875 1797 922 1876 οίς
944 1796 1105 1883 δμωμόκει.
1132 1798 1173 1862 ud
1195 1799 1231 1862 δέ
1250 1790 1290 1881 ἦν
1317 1821 1332 1862 u

247 1907 422 1991 συμφωνίαι
438 1908 488 1969 καί
503 1906 542 1969 τά
559 1902 793 1990 δρκωμοτιξρια,
820 1902 878 1969 ὅσα
891 1927 923 1988 γε
936 1913 1002 1979 τοῖς
1018 1903 1208 1985 Σχολαρίοις,
1238 1902 1331 1965 αίτίοι

246 2006 400 2094 ὑπάρξασι
416 2015 472 2090 τῆς
496 2005 662 2091 ἡγεμονίας·
679 2007 765 2095 αὐτῷ
795 2009 845 2070 καί
867 2003 998 2088 δύναμιν
1011 2011 1074 2070 τιῦκ
1095 2003 1195 2068 ἄλλων
1212 2006 1331 2086 συγκλη

247 2116 341 2175 τινῶν
365 2110 556 2191 κεκτημένοις
575 2112 667 2191 μείζω
690 2105 951 2193 καλῆγεμονικὴν,
980 2107 1144 2172 συνέθετο·
1172 2112 1279 2187 σχῆμα
1288 2105 1332 2186 με’

248 2211 343 2286 αὐτὸς
359 2209 516 2290 διασώζειν
528 2209 705 2296 ἡγεμονίας·
732 2219 795 2277 τῶν
809 2215 828 2275 δ
834 2211 842 2236 ’
860 2209 920 2275 ὅσα
935 2207 1132 2295 πράσσεσθαι
1145 2207 1250 2289 μέλλοι
1268 2204 1332 2272 πάν

217 2323 311 2380 Ετων
333 2309 409 2378 είναι
437 2315 665 2400 προβουλευτὰς
692 2318 742 2379 καὶ
756 2313 931 2395 διανομέας
953 2319 1055 2399 σφᾶς,
1098 2313 1149 2376 καί
1172 2308 1276 2395 ῥητῶν
1298 2335 1332 2374 κα

150 2413 433 2502 λί.346άπορλρ“η’των
452 2414 658 2500 ἐπιγνώμονας
678 2420 729 2481 καί
749 2412 931 2498 βεβαιωτάς.
985 2413 1057 2500 (Θ.)
1093 2419 1158 2478 Τοῦ
1178 2414 1212 2477 δέ
1229 2409 1333 2498 χρόνοι

247 2517 386 2606 ῥέοντος,
413 2519 514 2601 ἐπειδὴ
544 2519 601 2602 τὴν
617 2526 720 2605 ’σφῶν
749 2515 922 2582 αὐθάδειαν
949 2514 966 2581 b'
971 2541 1017 2597 ,τε
1040 2519 1148 2600 δῆμος
1174 2515 1269 2614 ἐμίσει
1294 2540 1333 2580 κα

245 2619 282 2686 τό
302 2643 406 2708 σφισιν
431 2621 633 2704 ἀντικείμενον
657 2628 718 2686 τῶν
742 2617 946 2686 ἀπολωλότων
966 2620 1060 2704 μέρος
1078 2621 1121 2693 είς
1138 2616 1174 2682 τδ
1187 2613 1333 2683 δ”άνασθα

202 2805 204 2810 Ι
245 2723 307 2807 ἤδη
332 2720 519 2808 προύχώρει,
553 2724 608 2806 τὴν
630 2731 687 2790 τοῦ
708 2721 809 2806 δήμου
830 2720 907 2808 πρδς
928 2723 1058 2798 ἐκείνους
1086 2720 1253 2802 ἀπέχθειαν
1275 2718 1333 2802 έχοι

246 2826 424 2912 έπίκουρον,
465 2825 561 2913 έριδές
585 2850 618 2892 τε
651 2828 703 2892 καί
730 2822 853 2902 στάσεις
881 2821 1091 2912 άναφυόμεναι
1116 2821 1233 2905 μεταξι)
1264 2821 1333 2910 πρδι

242 3056 381 3110 laaciviena
406 3059 494 3111 noetea
522 3055 630 3140 dieeque
655 3055 726 3110 luxui
745 3062 773 3111 et
792 3054 1023 3128 compotationibus
1043 3053 1159 3110 licentiae
1177 3052 1331 3124 indulgebat

244 3143 301 3178 curn
320 3126 434 3178 tibicinia
452 3137 479 3179 et
498 3127 670 3180 euitatrruibua
687 3128 881 3191 libidinamur,
901 3144 931 3179 ao
948 3127 1182 3196 Trapezuntiorum
1200 3125 1283 3193 princi
1304 3141 1333 3176 uu

242 3193 367 3246 aerarium
380 3196 406 3250 in
421 3211 465 3246 eor
481 3211 541 3246 urus
554 3197 730 3248 exhauriebat
765 3197 834 3248 Hinc
848 3198 943 3248 iactum
960 3203 1016 3255 eut.
1034 3201 1064 3246 ut
1076 3193 1201 3262 indignati
1216 3143 1333 3246 SchoYari

242 3260 349 3313 iunioris
359 3261 482 3330 principia
488 3270 586 3332 patrem
593 3264 742 3318 Michaelem
749 3265 901 3317 Comnenum
909 3265 942 3316 ab
951 3263 1057 3316 Limniie
1067 3271 1227 3315 uroeeaeaent
1232 3262 1333 3344 (quipp

242 3337 270 3382 et
281 3329 430 3392 Eunuchus,
449 3347 464 3382 a
477 3347 529 3399 quo
541 3332 583 3384 ille
595 3333 771 3397 detinebatur,
787 3343 963 3401 praemortuus
974 3333 1045 3398 erat)
1059 3347 1166 3400 eumue
1177 3331 1203 3383 in
1217 3331 1281 3382 τοίιο
1296 3347 1333 3382 nn

242 3397 373 3468 pernuntio
393 3398 562 3464 collocarent3
588 3400 741 3470 petulantem
760 3418 822 3454 vero
842 3401 956 3453 iuvenem
976 3399 1001 3452 in
1016 3399 1182 3469 Byzantinern
1201 3398 1333 3451 caratodiau

241 3466 354 3519 vinctum
374 3467 532 3536 ablegarent.
566 3469 667 3537 (vtur)
684 3473 720 3522 At
734 3469 844 3522 michael
859 3470 1016 3530 Comuennr,
1035 3475 1145 3536 accepta
1159 3468 1186 3519 iu
1205 3468 1272 3519 hune
1289 3483 1333 3519 roo

241 3534 300 3588 dun
318 3541 448 3604 pubertate
465 3537 546 3605 (quae
562 3536 661 3607 pridem
676 3539 711 3590 ad
726 3538 808 3607 ipsiua
824 3547 923 3608 patrem
939 3537 1115 3590 transmissae
1129 3535 1269 3588 maioribus
1284 3537 1333 3595 sue

240 3610 298 3666 rat,
315 3621 346 3656 eo
361 3609 446 3656 autem
459 3613 557 3658 mortuo
574 3614 729 3676 pervenerat
740 3607 772 3658 ad
784 3606 900 3660 Alexiuru
912 3605 1035 3669 tratrem
1048 3621 1079 3658 ao
1093 3605 1194 3657 tendent
1209 3605 1242 3657 ad
1255 3604 1332 3656 iatum

238 3678 270 3724 ut
283 3672 408 3734 diximus,
426 3673 568 3727 iuvenculie
581 3676 681 3728 duobue
693 3676 844 3739 interiectio,
859 3674 979 3726 devoluta
993 3675 1100 3742 fueret),
1118 3689 1226 3742 eaquae
1238 3673 1333 3725 iurare

238 3748 282 3794 rat
295 3738 425 3809 implevit3
443 3743 575 3810 pactiones
589 3744 647 3796 dieo
661 3749 689 3797 et
702 3745 803 3796 aanoitu
819 3744 982 3797 iureiurando
997 3759 1053 3794 cuna
1069 3741 1209 3794 scholariis
1225 3743 1333 3794 foedera

238 3809 283 3878 qui
298 3817 327 3861 ut
342 3810 480 3877 inperaret
492 3813 642 3875 effecerant,
659 3819 686 3865 et
699 3813 816 3866 maiorem
831 3829 905 3882 quem
919 3812 1015 3864 caeteri
1028 3819 1159 3863 senatores
1171 3826 1333 3878 summamque

237 3878 417 3931 auctoritatem
432 3879 588 3932 obtinebant.
623 3883 787 3934 Convenerat
801 3887 940 3950 porru‚.ut
957 3880 1067 3948 insignia
1086 3879 1187 3948 quidem
1201 3880 1333 3948 potestatis

237 3945 294 4016 ipae
307 3947 450 4010 retineret3
468 3965 553 4000 eorum
569 3950 771 4012 vernandum,
790 3949 895 4020 quaein
909 3957 1039 4017 porterum
1050 3949 1164 4015 gerenda
1178 3953 1273 4010 errent,
1290 3947 1333 4016 ipa*

236 4017 370 4136 praeeidea
386 4031 419 4067 uc
431 4015 622 4085 dispensatores
635 4019 736 4075 iurent.
756 4027 783 4071 et
795 4035 879 4070 rerum
891 4018 946 4068 eive
960 4017 1042 4086 pelam
1054 4017 1110 4069 eive
1122 4023 1223 4069 secreto
1238 4017 1333 4083 agitan-

256 4099 326 4136 arum
345 4083 437 4136 arbitri
453 4093 481 4138 at
500 4102 533 4137 ue
551 4093 676 4138 auotorer.
712 4085 787 4154 (lx.)
806 4085 966 4139 Procedente
985 4093 1069 4137 autem
1089 4091 1218 4153 tempore,
1237 4084 1300 4151 quia
1314 4093 1333 4136 et

236 4154 345 4220 populus
357 4153 455 4206 iliorum
469 4103 560 4206 oderat
572 4154 754 4224 arrogantiam,
766 4162 889 4208 eteorum
902 4153 946 4222 qui
958 4153 1091 4222 perierunt
1105 4153 1184 4205 factio
1199 4153 1263 4221 ipaia
1277 4169 1333 4206 σου

234 4220 319 4272 truria
329 4228 421 4290 potena
434 4222 484 4276 iana
498 4231 628 4285 evaserat,
643 4223 784 4276 adiuvante
795 4222 884 4293 populi
896 4222 923 4274 in
938 4221 1086 4274 scholarios
1097 4222 1167 4285 odio,
1184 4225 1258 4273 ortae
1270 4221 1333 4273 inter

235 4293 360 4358 utrunque
372 4289 445 4344 rixae
460 4307 491 4346 eo
505 4291 678 4345 domnione
691 4291 717 4344 in
730 4309 785 4347 eam
799 4290 1034 4349 necessitatene·
1048 4290 1223 4352 adduxerunt,
1241 4295 1271 4341 ut
1286 4289 1333 4342 Mi-
