2804 4778
209 287 310 366 1156
433 345 435 348 .
568 289 967 398 ‘annonanoana

207 455 311 522 laudat
333 453 532 531 Alamannus,
558 453 612 514 ubi
637 451 783 516 scribitur
805 449 888 534 opud
910 449 1067 512 Dardanos
1088 451 1294 538 Europaeos,
1315 455 1360 534 qni

206 552 279 624 post
294 541 541 622 Epidamniorum
554 550 665 600 terram
678 537 835 614 habitant,
858 538 896 597 ad
910 537 1097 598 Praesidium
1111 543 1198 618 quod
1216 541 1361 600 Bederis·

207 649 247 688 ua
262 636 408 703 vocatur,
429 625 577 706 oppidum
590 624 848 692 esseTsuresium
867 623 995 700 nomine,
1017 624 1098 684 unde
1117 626 1307 685 lastinianus
1318 648 1360 686 or·

207 721 258 772 tus
274 722 330 788 est,
354 731 421 771 eum
435 710 538 770 locum
555 731 642 780 muro
665 731 700 769 ac
715 719 845 788 quatuor
861 710 996 769 turribus
1016 709 1276 786 circumdedisse,
1299 713 1359 771 iux-

208 807 300 878 taque
319 797 424 857 urbem
450 797 664 856 nobilissimam
692 793 880 870 condidisse,
903 815 992 874 quam
1013 795 1215 856 lastinianum
1239 799 1358 878 primam

207 882 389 962 appellavit,
412 882 623 942 nutricationis
643 880 776 939 officium
800 880 899 940 altrici
922 880 1038 958 patriae
1059 882 1252 960 repondens:
1284 883 1358 942 unde

208 969 352 1046 colligere
365 967 472 1027 liceret
486 989 548 1026 non
562 987 668 1027 revera
683 966 863 1042 Bcderinae,
886 965 939 1024 sed
951 967 1084 1025 'l'aurcsii
1097 976 1206 1026 natum
1225 969 1358 1029 iustinia-

206 1072 301 1128 num,
322 1073 358 1112 ac
372 1052 554 1112 Iustinianao
574 1053 687 1132 primae
700 1072 810 1111 nomen
826 1051 926 1110 neutri
943 1050 1074 1130 oppido,
1097 1051 1150 1111 sed
1164 1055 1268 1131 alteri,
1283 1052 1356 1132 quod

206 1139 347 1219 proxime
362 1137 577 1214 aedificaverit,
599 1137 632 1196 id
643 1137 884 1197 nomenclaturae
897 1135 1035 1211 inditum,
1051 1145 1142 1216 atque
1157 1139 1239 1197 adeo
1256 1139 1356 1199 dolari-

208 1223 258 1298 di,
281 1223 330 1282 cui
352 1224 529 1282 attribuitur
543 1245 560 1281 a
576 1225 709 1296 Gregora
732 1232 761 1282 at
781 1223 856 1286 aliis.
899 1223 1097 1282 Leunolavius
1119 1223 1150 1281 in
1164 1225 1356 1284 Onomaatioo

207 1307 338 1368 Turcico
362 1309 466 1368 scribit
482 1305 688 1369 Giuatosdila
706 1309 813 1368 Turcis
834 1309 983 1388 appellari
1002 1307 1185 1368 lastinianus
1206 1311 1292 1370 urbis
1310 1331 1356 1370 re-

207 1392 342 1471 giunem‚
365 1413 457 1473 quae,
477 1393 594 1472 inquit,
617 1394 728 1474 priscis
753 1393 915 1454 iustiniana
935 1394 1031 1474 prima
1055 1393 1182 1468 dicitur,
1208 1394 1356 1454 iustiniani

208 1479 336 1556 Augusti
351 1479 461 1559 patria,
484 1480 675 1539 Macedoniae
690 1479 810 1559 quidem
826 1480 918 1556 illam,
940 1479 994 1540 sed
1007 1497 1113 1540 versus
1126 1479 1298 1560 Illyricum,
1312 1481 1356 1542 uel

206 1560 319 1645 inipso
333 1565 436 1644 potius
452 1566 575 1644 Illyrico
593 1565 690 1627 sitam.
733 1586 865 1628 nuusac.

292 1671 372 1749 Pug-
394 1673 455 1743 28,
476 1671 505 1733 5·
552 1672 617 1733 Τοῦ
626 1663 778 1750 Ἆγγέλου]
801 1666 954 1728 Michaelis
967 1663 1066 1745 nothi,
1087 1666 1175 1727 cuius
1191 1689 1287 1750 snpra
1303 1690 1355 1730 ms-

206 1752 551 1833 minitlib.l.cap.lll.
593 1775 723 1814 nucssc.
1018 1769 1022 1778 ’

291 1843 370 1920 Pog.
389 1845 453 1916 Ι118,
476 1845 507 1904 7.
550 1839 678 1922 Λήμνια
706 1835 803 1918 sanai]
840 1837 954 1898 Zenob.
984 1831 1158 1917 Diogenisri.
1191 1841 1281 1906 snit.
1305 1850 1355 1900 etc.

206 1945 368 2095 Duculssg.
389 2013 450 2084 28,
473 2013 504 2074 9.
545 2003 596 2072 ’Eo
611 2003 747 2090 τούτοις]
772 2008 911 2090 Acropol.
936 2029 966 2068 n.
987 2009 1085 2070 XXV.
1107 2009 1219 2070 XXVI.
1240 2010 1354 2089 Pachy-

207 2115 281 2157 mcr.
303 2093 396 2163 tib.1.
419 2115 485 2176 cap.
506 2097 606 2159 XXX.
629 2093 800 2182 liicbardus
821 2097 858 2155 de
877 2099 908 2159 S.
931 2097 1080 2154 Germano
1103 2115 1150 2156 au.
1174 2093 1354 2156 lilCCXXX.

205 2201 370 2348 ΜἫΒ.
391 2269 452 2340 29,
476 2269 528 2330 18.
562 2263 624 2328 Κα1
638 2262 695 2346 τὴν
713 2269 774 2328 τῶν
788 2267 999 2344 Καρδιανῶν]
1026 2260 1170 2326 Cordium
1193 2266 1291 2324 vertit
1310 2267 1354 2324 in·

205 2360 342 2430 terpres:
364 2350 470 2410 melius
486 2345 650 2428 Gordiano,
672 2350 791 2413 tametsi
809 2347 921 2412 Cardia
931 2350 1004 2411 urbs
1019 2359 1161 2410 occurrat
1175 2349 1208 2410 in
1220 2350 1354 2412 Thracia

205 2457 370 2607 aucta&
393 2529 453 2600 29,
478 2525 527 2587 16.
572 2519 720 2606 liciados·
741 2519 775 2586 ἐκ
797 2514 999 2605 Βουλγᾶρων]
1036 2520 1099 2580 lma
1122 2541 1140 2579 s
1162 2519 1280 2582 Ioanne
1299 2521 1355 2582 Va-

205 2616 285 2668 tstse
303 2609 340 2668 ad
360 2611 558 2686 Balgarorum
573 2629 672 2686 regem
686 2608 814 2668 desuem
831 2607 939 2667 missos
960 2609 1073 2687 legatos
1091 2606 1197 2666 scribit
1213 2607 1353 2690 Acropo-

204 2695 259 2756 lita
274 2715 341 2776 cap.
357 2695 474 2755 XXXI.
517 2714 649 2757 occaso.
850 2691 853 2698 ⁴
994 2705 996 2710 ’

170 2865 172 2868 ,
290 2801 367 2880 Pag.
386 2801 446 2874 80,
468 2801 497 2863 8.
542 2797 605 2860 Καὶ
621 2795 710 2860 droti
728 2789 880 2876 Τερνόβου
893 2792 1070 2870 ἐπίσκοπος]
1095 2793 1275 2876 Acropolita
1291 2817 1353 2876 cap.

205 2884 351 2944 XXXlll.
374 2883 454 2944 Vide
469 2885 551 2943 loun.
563 2882 671 2942 blosin.
687 2883 741 2943 lib.
757 2882 780 2946 1.
796 2881 1060 2941 Exercit.XXVll.
1078 2889 1108 2939 et
1122 2881 1256 2943 Leonem
1272 2883 1353 2942 Alla-

205 2968 282 3028 tium
297 2969 352 3030 lib.
371 2969 394 3031 1.
418 2969 455 3028 de
480 2969 642 3028 concordis
665 2969 824 3046 utriusque
846 2967 928 3027 Eccl.
953 2987 1018 3046 cap.
1042 2965 1136 3030 XXV.
1158 2988 1188 3027 n.
1206 2967 1247 3030 V.
1267 2989 1352 3052 prse-

205 3061 287 3114 tarea
309 3062 389 3130 gesta
407 3054 572 3114 Innocentii
590 3053 641 3113 lll.
659 3054 772 3132 Papae,
797 3073 891 3131 aquo
912 3051 1126 3112 Trinovitanus
1151 3051 1353 3136 archiepisco·

204 3158 265 3218 pus
277 3139 390 3198 Primae
407 3141 501 3199 totius
516 3140 674 3218 Bulgsriae
688 3149 716 3198 et
727 3135 868 3199 Blachiae
882 3140 1063 3198 constitutus
1080 3136 1124 3197 ibi
1137 3138 1253 3218 legitur
1265 3143 1351 3224 936.

205 3223 285 3283 Edit.
303 3225 493 3287 baluzianae.
536 3245 665 3285 nccare.

290 3329 370 3407 Pog.
394 3333 449 3403 31,
473 3332 504 3393 8.
538 3323 677 3409 Ὅμηρος
693 3323 823 3406 ἔφησεν]
845 3324 977 3386 Ilell.
997 3327 1029 3390 6.
1071 3343 1189 3385 noina.

289 3431 368 3508 Pvg·
390 3436 448 3505 81,
475 3434 526 3496 18.
572 3429 635 3492 Καὶ
660 3424 890 3510 ἅγορανομιῶν]
918 3428 1027 3488 Wolfio
1053 3422 1260 3508 ἆγορανομίαι
1288 3434 1352 3488 sunt

204 3511 281 3594 leges
295 3515 441 3593 ogs-oriae.
486 3513 596 3574 Videat
609 3515 706 3575 lector
720 3535 759 3574 au
769 3514 796 3574 is
809 3533 914 3573 sensus
931 3533 996 3575 esse
1008 3517 1106 3595 possit
1121 3513 1187 3574 eius
1199 3513 1351 3575 vocabuli.

203 3599 268 3678 Ego
281 3599 361 3660 verti
372 3594 537 3660 Aedilitios
552 3597 735 3687 functiones.
777 3619 891 3664 nosvsa.

289 3702 368 3782 1²03·
390 3707 449 3779 81,
474 3707 522 3768 19.
564 3696 764 3784 Ἀλλέἰρήνη
781 3707 866 3764 πᾶσα
877 3698 911 3765 cd
924 3695 983 3765 dard
996 3695 1134 3775 τούτων]
1158 3701 1293 3764 Perinde
1309 3719 1351 3759 sc·

204 3784 300 3865 cipio,
322 3806 358 3847 ac
378 3787 405 3846 si
418 3797 505 3862 esset,
527 3785 644 3854 rodoma
664 3811 697 3870 γε
719 3788 822 3851 ivano:
845 3785 926 3870 qaod
942 3785 985 3846 od
1008 3785 1081 3846 isaeo
1100 3785 1221 3870 quidem
1242 3790 1351 3848 attinet·
1378 3827 1385 3848 .

203 3874 253 3930 Sic
268 3870 347 3932 enim
368 3873 459 3947 malo,
484 3893 584 3952 quum,
606 3876 664 3934 His
679 3871 715 3932 de
729 3876 837 3937 corais,
861 3893 1028 3938 awannam.

292 3961 364 4039 Pag·
385 3961 445 4030 32,
467 3963 496 4023 9.
544 3953 608 4036 Τήν
625 3981 658 4039 γε
672 3956 735 4037 μήν
751 3957 956 4040 προσήγορίαν
973 3956 1091 4032 adroic]
1115 3954 1297 4016 Reineccius
1317 3955 1352 4015 sd

203 4061 269 4122 cap.
291 4044 372 4104 XVI.
391 4044 531 4104 Haitonis
553 4043 637 4104 huuc
656 4044 808 4124 Gregorae
827 4046 930 4104 locum
951 4041 1072 4118 laudat,
1099 4043 1151 4101 ubi
1166 4043 1221 4104 illa
1237 4062 1351 4104 cousu-

201 4127 319 4188 laudus.
361 4151 492 4202 nucina,

291 4218 363 4296 tog.
385 4222 446 4292 32,
468 4221 518 4280 20.
564 4209 704 4297 Otiaoivtc
726 4213 869 4300 δείματα]
897 4213 973 4278 Vide
994 4223 1097 4277 notata
1118 4212 1157 4274 sd
1183 4211 1349 4274 chronicon

202 4298 345 4362 Pascbale
363 4321 430 4383 pag.
447 4306 522 4369 810·
538 4303 573 4367 Β.
617 4322 746 4366 utrusao.
