2722 4770
207 109 313 185 em·
425 101 427 111 '
503 117 751 210 ‚meaauou
771 75 1014 193 cneconec

43 299 73 352 λ.
83 297 117 350 u.
129 299 198 355 6858
208 281 362 374 όφθόνοις
374 290 438 352 τιῦν
450 308 485 370 γε
502 281 603 350 άλλων
628 286 679 350 καλ
703 284 725 351 ἃ
744 291 807 352 τιῦν
819 288 852 352 ἐν
859 287 923 377 'ittet
938 293 1042 356 καλῶν
1055 290 1106 356 καί
1117 289 1217 380 τιμίιφ
1232 297 1308 372 ιμιίί

83 371 275 489 Μοχοῖς
300 387 338 455 δν
362 387 408 472 εἴη
434 385 609 476 φιλοδόξοις
631 389 704 455 κατ’
734 387 837 474 ἐφεσιν
864 393 1042 477 πειρᾶσθαί
1056 419 1095 474 με
1118 394 1230 457 πείθειν
1247 369 1318 460 καί

205 493 288 578 άγειν
303 493 334 568 ἐς
350 486 387 557 τό
399 513 487 577 σφισι
501 489 707 574 βουλόμενον·
736 483 779 558 ὧν
796 491 838 559 τό
848 497 906 578 μέν
922 493 982 578 ἤδη
997 497 1185 580 ἐχορηγεῖτο,
1209 493 1293 570 τάδ’
1303 473 1321 500 ’

205 595 336 680 ἐμελλεν.
365 593 463 681 ς’όοντο
483 595 546 679 γάρ
573 593 616 658 δι’
639 591 708 671 ἐνὸς
730 597 806 677 ἐμοῦ
826 619 859 681 γε
875 597 991 678 εῦθδς,
1018 597 1137 674 είτινές
1156 577 1328 684 ποτ”ἐίρ’

207 697 281 779 εέεν,
299 701 350 764 καί
365 696 426 780 ὅπη
447 699 627 784 διαιτῷντο,
658 695 778 775 πάντας
795 697 935 788 ἐτέροος,
965 697 1075 768 ὀπόσοι
1098 699 1324 768 ἀνθίστανται
1341 696 1355 752 ⁵

206 802 285 888 πρὸς
307 797 408 866 butue
429 805 473 888 τῷ
495 805 638 888 Παλαμᾷ
660 807 890 889 βλασφημεῖται
912 803 1008 892 καινοὶ
1030 807 1081 869 καί
1095 803 1228 889 ἐίιφυλα
1249 803 1328 869 tta

204 929 328 992 γματα,
353 900 575 987 προσάξεσθαι.
606 903 678 968 ἀλλ’
698 897 779 989 ἦσαν
801 895 864 990 άρα
886 904 1010 982 πάντως
1031 906 1189 993 άνθρακες
1202 908 1323 973 οἶτιῦν

157 1043 162 1054 ·
206 1010 336 1074 ἐλπίδων
351 1008 473 1082 ἐκείνοις
488 1008 654 1091 θησαυροί.
683 1009 719 1074 τδ
738 1009 797 1093 γάρ
817 1009 953 1086 όνενδεές
968 1010 1021 1092 ίμέ
1042 1017 1105 1076 τῶν
1132 1009 1323 1094 ἀναγκαίων

173 1115 257 1176 Dant
281 1106 301 1194 ἦ
325 1109 486 1193 τάληθοῦς
513 1111 621 1194 ἐκλογὴ
646 1107 760 1198 λήρους
784 1111 888 1178 ἔπειθ’
913 1110 1057 1200 ἡγείσθω
1083 1113 1124 1180 τά
1147 1110 1303 1198 λεγόμενα.

206 1213 273 1304 (Ε.)
292 1212 334 1279 Ὃ
352 1213 384 1278 δ’
403 1209 549 1296 ἁπάντων
563 1210 700 1296 μάλιστα
720 1216 775 1299 τὴν
792 1217 972 1296 ἐλπίζουσαν
997 1204 1124 1302 γνώμην
1145 1214 1311 1298 ἐστήρικτο
1346 1233 1355 1276 .·

115 1361 117 1380 ι
206 1320 257 1384 καί
271 1317 506 1402 άνακεκρῦσθοί
515 1341 602 1402 σφισι
616 1318 662 1381 δι’
680 1316 757 1384 αῦτό
773 1344 840 1384 τινα
854 1316 969 1404 ἡδονὴν
985 1331 1053 1396 ταῖς
1068 1321 1185 1384 ἐλπίσιν
1203 1321 1304 1398 ἐποίει,

204 1421 240 1488 τό
257 1427 313 1504 τῆς
326 1421 544 1507 πατριαρχείας
557 1420 678 1503 ἀξίωμα
691 1414 742 1505 ἦν·
768 1421 784 1488 δ
800 1419 908 1488 δαίσειν
920 1423 1030 1488 αὐτίκα
1041 1419 1128 1505 μάλα
1142 1447 1198 1503 μοι
1214 1423 1314 1506 ἐπηγ-

203 1525 365 1610 γέλλοντο,
396 1529 453 1606 τῆς
473 1525 581 1608 χρείας
603 1525 817 1608 διωθουμίνης
844 1523 1054 1612 σφοδρότερον
1085 1528 1136 1590 καί
1160 1531 1216 1590 τοῦ
1240 1551 1314 1588 και-

205 1634 263 1714 ροῦ
284 1627 535 1709 προκαλουμένου
555 1626 609 1691 τόν
634 1627 885 1714 προστησόμενον
904 1629 1111 1711 ἀπαραίτητα.
1145 1625 1262 1711 ἤκουόν
1274 1651 1310 1711 γε

172 1730 265 1816 Epir
282 1731 314 1807 ἐξ
328 1733 403 1812 ἐμοῦ
420 1727 654 1794 τάνοντιιότατο
674 1728 784 1798 πάντα.
813 1738 938 1819 πρῶτον
952 1731 1082 1817 μὲνγὰρ
1097 1728 1311 1854 καθηπτόυκ
1340 1749 1355 1794 ι·

204 1830 329 1916 ὁμαλῶς
349 1857 415 1908 πως
430 1831 533 1898 αῦτιῦν
551 1823 681 1918 περὶιῖιν
701 1831 775 1917 ἡμῖν
790 1831 1004 1918 ὑπισχνοῦντο,
1026 1839 1093 1910 πῶς
1109 1833 1166 1899 οόκ
1182 1833 1310 1898 ὀκνοοσι

103 1943 135 2000 V.
145 1941 271 2011 όίέτοῖς
292 1935 397 2009 αὐτοῖς
416 1936 635 2020 ἐγχειροῦντες,
670 1935 691 2000 ἃ
712 1936 858 2015 πολλάκις
879 1941 997 2003 είποῦοι
1017 1939 1069 2002 καί
1093 1937 1302 2019 ἀποτυχοῦσιν

202 2039 339 2121 ἀκριβοῦς
364 2038 524 2121 ἐγνωκέναι
551 2039 783 2122 ξυμπέπτωκεν,
821 2038 864 2116 ὥς
884 2047 984 2124 πηλοῦ
1008 2043 1060 2105 καὶ
1081 2037 1193 2116 κόνεως
1216 2037 1301 2104 οῦδέν

202 2141 271 2225 ἐμοί
293 2140 447 2226 διαφέρειν
472 2143 560 2206 δοκεῖ
579 2140 620 2205 τά
641 2150 770 2209 τοιαῦτα
777 2194 788 2225 ,
816 2147 867 2209 καί
888 2149 989 2210 ταῦτα
1009 2149 1081 2223 νῦν,
1108 2142 1310 2217 ὅτεπίστεως

200 2245 329 2329 ἄρνησις
343 2243 524 2310 άπαιτεῖται.
554 2239 596 2338 ὥς
618 2243 678 2331 γάρ
699 2247 731 2310 ἐν
752 2259 858 2322 κακοῖς
881 2247 1015 2329 ειλτυχεῦν
1036 2244 1220 2329 δυστύχημα
1245 2245 1299 2326 με’-

199 2373 321 2434 γιστον,
355 2345 454 2423 οὕτως
478 2346 510 2411 ἐν
538 2358 645 2434 κακοῖς
671 2347 791 2427 ἀδοξεῖν
816 2357 878 2416 τῶν
905 2346 1127 2432 εὐτυχημάτων
1144 2349 1181 2414 τὸ
1197 2345 1302 2434 κράτι-

173 2467 287 2521 Ιδστον.
321 2449 423 2516 ἔπειτα
447 2448 568 2536 ἐλεγον,
603 2447 646 2527 ὥς
665 2458 844 2534 βασιλεῦσιν
866 2446 934 2518 οῦσι
950 2452 1051 2536 χρεῶν
1070 2451 1115 2535 μὴ
1135 2452 1176 2517 τδ
1200 2448 1301 2536 καθό-

201 2575 298 2621 κοντα
320 2551 435 2636 νόμιμα
459 2550 558 2619 ἐκοντί
582 2553 781 2642 παραδιάγειν
807 2553 886 2639 όμοῦ
909 2557 960 2620 καί
981 2563 1043 2620 τῶν
1069 2556 1158 2638 ἱεροῦν
1179 2561 1234 2638 τῆς
1248 2560 1300 2619 τοῦ

1338 197 1344 226 x
1354 179 1355 182 ,

201 2689 262 2738 nant
275 2683 383 2737 flectere
396 2699 452 2747 me,
469 2689 496 2735 et
511 2682 544 2735 ad
562 2699 595 2735 ea
612 2699 679 2752 quae
694 2683 793 2738 vellent
809 2683 955 2748 adducere,
969 2683 1070 2738 liberali
1089 2683 1227 2752 largitione
1247 2699 1301 2736 cum

201 2755 308 2808 aliarum
320 2770 419 2817 rerum,
436 2763 489 2804 tum
504 2769 590 2804 eurum
602 2753 765 2822 praesertim,
784 2770 859 2821 quae,
877 2755 937 2823 qnia
950 2755 1073 2823 pulchrae
1084 2761 1144 2806 eunt
1158 2771 1189 2806 ac
1206 2753 1301 2822 pretio·

202 2839 256 2884 eae,
276 2822 365 2876 animia
377 2821 475 2889 gloriae
489 2821 591 2889 cupidis
604 2821 735 2891 plurimum
749 2823 859 2874 blandiri
873 2831 989 2891 possunt.
1008 2822 1125 2885 Quarum
1139 2839 1224 2876 rerum
1237 2822 1302 2874 aliae

201 2891 252 2944 iam
266 2891 408 2954 dabantur,
426 2891 493 2942 ntiae
510 2898 601 2959 poeteu
617 2891 695 2942 detee
710 2891 827 2943 fuissent.
865 2893 995 2944 Putabaut
1010 2891 1134 2944 videlicet
1152 2909 1210 2943 mea
1228 2893 1302 2944 unius

201 2975 282 3029 opere
297 2960 384 3012 statim
405 2961 551 3012 adiunctum
572 2959 606 3012 iri
626 2960 690 3028 ipeia
707 2960 818 3028 reliquos
837 2978 939 3025 omnes,
958 2962 1103 3030 quicunque
1118 2961 1138 3012 ii
1155 2962 1259 3022 terent,
1276 2966 1302 3010 et

171 3051 173 3056 ’
201 3029 348 3096 ubicunqne
357 3028 491 3097 degerent,
504 3029 546 3098 qui
562 3043 652 3081 novam
664 3038 691 3080 et
705 3029 853 3082 inscientem
869 3030 1011 3100 blasphemi
1027 3029 1146 3082 Painmae
1160 3029 1302 3080 doctrinam

200 3098 390 3166 impugnarent.
425 3098 497 3159 Quae
510 3107 594 3150 autem
606 3097 644 3149 illi
657 3113 716 3166 epea
730 3106 909 3168 conceperunt,
926 3117 974 3152 eae
987 3116 1037 3150 non
1050 3115 1137 3150 aurum
1153 3098 1199 3149 aed
1213 3097 1303 3166 puleee

201 3174 283 3219 erant
321 3167 387 3218 Nem
405 3166 473 3234 qnod
492 3168 568 3218 rebus
583 3166 737 3220 necessariis
753 3185 802 3220 non
818 3185 947 3230 carerem,
966 3177 993 3220 et
1007 3168 1142 3220 veritatem
1159 3167 1229 3218 ultro
1243 3183 1303 3234 pre-

201 3234 298 3298 fiterer,
315 3234 412 3286 idcirce
425 3235 487 3286 mihi
500 3235 576 3287 tacite
589 3236 771 3304 persuadebam
787 3253 853 3288 vana
865 3255 922 3290 ease
935 3245 962 3289 et
972 3237 1066 3289 frivola
1082 3253 1148 3305 qune
1161 3235 1200 3288 ini
1215 3236 1303 3303 toque-

199 3311 299 3358 rentur.
336 3303 399 3372 (V.)
417 3303 470 3355 Sed
479 3321 566 3356 eorum
582 3305 692 3357 animum
710 3307 903 3374 exspectatione
913 3322 1062 3373 suspensum
1076 3323 1183 3358 σεται-ετ
1197 3306 1302 3358 inanime

200 3373 382 3437 confirmabat,
400 3391 430 3426 ac
443 3373 555 3442 ipsorum
569 3374 626 3444 apei
640 3373 747 3444 quadam
763 3374 896 3443 voluptate
914 3375 1023 3427 admista
1037 3373 1228 3427 blandiebatur.
1263 3373 1302 3424 Ea

200 3449 259 3496 erut
274 3441 454 3512 patriarchalia
468 3443 596 3510 dignitas,
614 3461 691 3512 quam
705 3443 766 3495 mihi
780 3444 866 3495 atatim
879 3443 1017 3496 collaturos
1032 3461 1060 3495 ae
1074 3443 1149 3495 iidem
1165 3443 1302 3510 promitte·

199 3513 279 3578 bant,
297 3528 353 3564 cum
368 3519 395 3564 et
407 3513 547 3564 necessitas
568 3513 674 3580 gravior
688 3513 860 3574 incumberet,
878 3521 906 3565 et
917 3521 946 3566 ut
959 3513 1052 3582 aliquia
1067 3513 1122 3564 eine
1134 3511 1186 3563 ulta
1200 3517 1304 3564 cuncta·
1313 3545 1355 3578 μ

199 3581 271 3634 tione
291 3580 315 3634 ei
334 3581 432 3634 muneri
448 3581 646 3650 praeficeretur,
666 3599 708 3634 ree
724 3582 780 3650 ipsa
799 3581 940 3650 flagitaret
976 3583 1076 3634 Tamen
1097 3581 1115 3632 ii
1137 3599 1169 3631 ex
1186 3597 1226 3633 me
1243 3596 1303 3632 con·

199 3650 282 3703 traria
297 3649 373 3719 plane
393 3651 476 3702 omnia
493 3650 655 3702 audiverunt.
691 3652 729 3702 Ac
745 3651 851 3719 primurn
867 3649 970 3720 quidem
987 3667 1065 3719 anper
1077 3650 1109 3701 iia
1124 3649 1220 3712 rebus,
1238 3665 1302 3718 quaa

199 3719 261 3772 mibi
281 3720 473 3787 promittebant,
496 3735 542 3772 eos
561 3719 656 3772 leniter
666 3719 849 3800 obiurgabam,
873 3719 941 3788 quod
953 3719 1024 3789 ipaoa
1037 3735 1086 3771 non
1098 3718 1203 3786 pigeret
1216 3720 1302 3770 eedem

200 3799 290 3842 ruraua
306 3797 422 3850 tentare,
445 3803 586 3855 quaecum
606 3791 704 3842 trustra
725 3795 802 3857 saepe
824 3788 966 3852 elimarent,
991 3787 1207 3840 evidentissimum
1226 3787 1301 3850 foret,

199 3858 323 3911 eiusmodi
335 3875 378 3910 ree
391 3857 460 3926 apud
472 3873 511 3908 me
524 3857 629 3908 nihilum
644 3857 699 3910 luto
711 3875 741 3910 ac
754 3859 861 3928 pulvere
874 3857 996 3920 differret
1014 3855 1165 3926 praeaertim
1178 3857 1227 3908 hoc
1239 3863 1303 3908 tem·

199 3943 279 3995 pore,
294 3945 349 3980 cum
364 3927 512 3993 exigeretur
525 3925 597 3977 Fidei
613 3926 751 3979 abiuratio.
766 3959 767 3964 =
786 3927 926 3979 Enimvero
938 3927 1005 3979 aient
1021 3927 1088 3979 inter
1101 3925 1232 3992 improbos
1245 3924 1302 3976 teli-

200 4011 255 4046 cem
271 4013 329 4048 esee
342 3996 448 4048 maxime
462 4002 532 4046 emet
546 3993 692 4059 infelicitas,
709 3995 748 4048 ita
762 3996 831 4066 apud
848 3998 950 4049 eoadem
966 3994 1103 4048 honoribus
1120 4011 1211 4046 carere
1224 3992 1303 4046 maxi-

200 4078 264 4114 mam
277 4081 335 4115 ecee
349 4063 507 4116 felicitatem.
530 4061 636 4115 Aiebam
649 4071 783 4130 praeterea
797 4082 847 4116 non
858 4065 953 4118 debere
966 4064 1106 4133 principes,
1120 4079 1187 4131 quea
1198 4061 1302 4131 eapien-

192 4137 241 4184 τοι
257 4132 397 4187 οοοιτίιοτκ
416 4139 578 4201 νοτιτιις-τε
596 4131 666 4188 ultre
686 4134 862 4204 transgredi,
877 4139 905 4190 et
917 4133 1092 4189 ιοοιοοοοωίι
1111 4129 1302 4188 οοοίοιὶιοθιλ
