2804 4778
300 284 536 360 HISTORIAE
553 285 832 355 BYZANTINAE
847 285 971 355 XXIV.
989 298 1020 358 1.
1113 281 1209 355 1181
1247 339 1251 351 ,

107 473 202 534 νητον
217 447 351 529 δίκαιον,
379 449 415 516 αλ
428 473 462 515 τε
478 447 570 536 ἀρχαί
591 450 642 515 καλ
662 449 796 527 ίξουσίαι
814 449 865 516 καί
885 447 916 516 οἱ
928 455 986 517 rori
1007 449 1119 530 αἰῶνος
1129 477 1206 520 τοο-
1220 467 1250 524 A.
1261 467 1291 520 c.
1307 465 1372 524 1851

106 549 439 639 τουῒκοσμοκράτορες
450 558 636 640 χορηγοῦσιν
652 552 738 644 αὐτῷ
752 551 797 618 δι’
813 551 957 638 ἀμαθίαν
974 549 1123 640 τρόπαιον
1131 538 1373 658 τοῦ-Ῑωζέἓὲίξψ

107 679 144 720 το
166 654 246 720 κατὰ
268 661 325 739 τῆς
353 654 503 739 ἀληθείας
531 656 654 743 ἐγείρειν
680 658 722 733 είς
746 651 864 741 πλάνην
881 661 945 722 τῶν
970 651 1206 745 ἁπλουστέρων·
1308 643 1315 657 ⁰

108 754 225 844 ἀνάγκη
244 761 295 822 καί
316 754 402 842 ἡμᾶς
421 759 575 824 ἐνταυθοῖ
589 770 748 846 γρηγορεΐν
765 785 798 827 τε
826 757 894 841 ἅμα
918 759 970 826 καὶ
996 758 1032 826 τά
1054 766 1112 845 τῆς
1132 761 1211 848 ἀλη-
1288 778 1291 789 ·

82 863 200 938 eustoc
223 857 494 944 ἀναλαμβάνοντες
513 862 602 948 ξίφος
627 861 784 953 παρρησίη
803 859 955 928 κατάτοῦ
970 858 1106 943 ψιάθους
1118 863 1211 930 diori-

107 989 187 1044 vsrv,
214 960 250 1030 τό
264 989 296 1048 ηε
313 960 387 1054 ἡμῖν
404 962 542 1052 ἐφικτὸν,
571 962 651 1031 ὅπλα
672 967 724 1031 καί
745 973 844 1050 τεῖχος
867 959 1062 1050 ἀκροπόλεως
1084 967 1212 1054 ἰσχυρὸν

105 1065 164 1142 τὰς
184 1062 335 1151 ἢμετίρας
355 1076 421 1143 τοῖς
441 1063 624 1153 ἀρθοδάξοις
650 1066 774 1158 γραφάς
801 1063 1019 1154 παρεχόμενοι,
1043 1065 1064 1154 ἢ
1086 1075 1236 1153 μάλλονΒ

106 1169 164 1245 τάς
180 1177 242 1234 τῶν
256 1172 352 1236 θείων
364 1176 493 1256 γραφῶν
507 1173 699 1258 μαρτυρίας,
722 1173 776 1236 ’ίνα
789 1170 834 1256 μὴ
849 1169 927 1260 ἀκοῇ
944 1177 1083 1258 σκοτεινῇ
1104 1198 1136 1239 τε
1157 1179 1209 1240 καλ

107 1270 247 1352 ἀλαμπεῖ
261 1269 591 1356 κατακολουθήσαντες
616 1275 658 1350 είς
678 1270 846 1361 βάραθρον
861 1270 991 1351 ἑαυτοὺς
1014 1272 1209 1362 συνωθήσω-

64 1383 101 1436 10
109 1399 157 1440 σιν
174 1373 335 1451 ἀπωλείας.
363 1377 426 1440 ἐπεὶ
438 1375 497 1462 γὰρ
512 1372 669 1454 τοσαύτας
683 1377 769 1468 αὐτῷ
784 1378 836 1442 καί
848 1373 996 1453 τοιαύτας
1011 1375 1069 1462 lyei
1083 1403 1209 1464 συμφο-

107 1473 207 1564 ρήσας
231 1474 381 1566 πρότερον
399 1479 456 1562 μὲν
478 1475 531 1544 διά
548 1505 580 1546 τε
602 1485 666 1546 τῶν
686 1484 921 1565 στηλιτευτικῶν
943 1482 1064 1546 ἐκείνων
1080 1483 1131 1546 καί
1152 1479 1209 1546 ἀν-

106 1581 309 1666 repperiam,
336 1583 387 1646 καί
405 1573 445 1646 οὗ
459 1580 504 1646 ds'
524 1572 567 1648 ὧν
580 1579 734 1666 ἧκηκάειτε
751 1587 824 1662 νῦν,
850 1580 906 1648 οὔκ
919 1581 1115 1666 ἔμπίπληκα,
1137 1582 1214 1650 odil

105 1708 139 1768 γε
153 1683 286 1748 συνιίναι
300 1684 437 1764 πίπεικα,
452 1683 596 1752 ἀκτιστον
610 1684 722 1770 ἥκιστα
736 1681 861 1751 πάντων
874 1681 951 1751 είνατ
966 1686 1103 1768 ποίημα·
1134 1685 1240 1774 pipeti

107 1785 214 1852 λοιπὸν
234 1787 430 1873 σαφεστέρων
451 1794 563 1869 τινῶν,
589 1790 640 1854 καί
661 1788 769 1864 αὐτοῖς
787 1788 949 1873 γνωρίμων
969 1790 1061 1854 εἰπεῖν
1085 1811 1209 1854 σκαπα-

64 1893 223 1970 15νεῦσιν,
251 1885 413 1973 άψιάμεθα
432 1887 540 1975 λόγων.
568 1888 696 1976 ’ἔνδηλον
708 1890 768 1978 γὰρ
784 1887 884 1976 δήπου
904 1900 968 1967 τοῖς
983 1888 1085 1971 ὅλοις,
1114 1886 1156 1969 ὥς
1170 1890 1209 1959 τά

105 1998 163 2074 τῆς
178 1994 308 2070 πίστεως
320 1988 409 2076 ἡμῶν
423 1993 504 2078 ἱερὸν
517 1989 693 2077 σύμβολον,
720 1995 752 2060 ἓν
766 1989 895 2079 ἡμέραις
908 1989 1022 2072 πάσαις
1037 1995 1088 2058 καί
1112 1995 1207 2076 νυξὶν,

106 2091 256 2185 ὁμολογίᾳ
276 2103 369 2161 πᾶσιν
387 2093 571 2182 ὄρθοιλάξοις
585 2101 670 2184 κοινῇ
684 2092 862 2189 περιτίθεται
880 2092 982 2180 πάντη
999 2097 1149 2179 διηνεκὲς,
1178 2097 1211 2162 ἐν

107 2194 227 2280 κώμαις
241 2196 306 2279 ἅμα
320 2201 371 2262 καί
386 2195 492 2265 πόλεσι
512 2202 564 2265 καὶ
583 2202 745 2284 σπηλαίοις
763 2201 814 2265 καί
837 2197 921 2286 ὄρεσι
944 2199 1012 2279 καί,
1031 2193 1211 2284 συλλήβδην

107 2303 217 2382 είπεῖν,
246 2302 278 2366 ἔν
299 2297 385 2388 πάσῃ
403 2327 435 2386 γε
454 2308 494 2388 τῇ
515 2309 555 2390 γῇ
578 2306 629 2367 καὶ
651 2301 711 2388 ὅπη
731 2308 789 2386 τῆς
809 2298 907 2389 ἀγρᾶς
926 2300 1035 2378 οὐσίας
1054 2297 1150 2386 διήκει
1171 2301 1209 2367 τὸ
1272 2345 1274 2348 -

63 2401 227 2498 εορᾴόιον.
256 2401 313 2487 ἔχει
328 2405 362 2470 δὲ
382 2403 498 2480 οὕτως·
514 2401 1068 2491 ,,πιστεάομενε1ςξ’ναθεάνπατίρα
1086 2412 1235 2470 παντο-1)

108 2503 247 2594 κράτορα
255 2555 266 2587 ,
292 2506 423 2591 ποιητὴν
444 2507 578 2594 οὐρανοῦ
594 2511 644 2574 καλ
658 2515 732 2594 γῆς,
758 2505 881 2594 ἀροτῶν
899 2533 932 2574 τε
948 2503 1073 2573 πάντων
1087 2508 1139 2573 καλ
1151 2505 1210 2572 ἀο-

107 2605 229 2697 ράτων,
256 2611 307 2674 καί
330 2611 372 2686 τίς
393 2609 445 2676 ἵνα
458 2607 564 2698 κάριον
578 2611 700 2696 Ἰησοῦν
722 2609 874 2698 Χριστὸν,
892 2608 948 2677 τὸν
968 2607 1038 2675 υἱὸν
1051 2613 1109 2675 τοῦ
1128 2613 1208 2676 θεοῦ
1252 2669 1255 2680 .

174 2805 202 2862 6.
219 2801 465 2878 ἀναλαμβάνοντας
475 2809 503 2859 st
513 2803 607 2862 deiude
617 2803 824 2878 παρεχομίνους
839 2773 907 2860 aoni-
922 2805 1008 2878 Capp.

107 2977 160 3030 met
175 2974 299 3046 suffragio
320 2976 404 3032 iustus
423 2976 563 3046 Palamss)
576 2974 728 3060 principes,
750 2978 907 3045 potestates,
930 2971 1027 3044 quique
1045 2973 1206 3030 maculatam

106 3045 176 3098 bunc
192 3043 220 3096 in
241 3045 361 3100 mundum
381 3047 476 3100 habeut
494 3047 641 3117 imperium,
661 3046 711 3114 ipsi
724 3045 757 3099 ob
771 3043 924 3127 imperitiam
937 3041 1120 3114 suppeditant,
1137 3043 1207 3096 unde

107 3114 142 3166 sd
161 3112 328 3182 simpliciores
355 3117 522 3185 decipiendos
542 3116 591 3168 hoc
613 3113 738 3168 adversus
756 3117 892 3168 veritatem
913 3117 1046 3183 tropaeum
1073 3113 1159 3183 erigat
1178 3119 1207 3166 et

106 3190 220 3248 statuat,
238 3200 343 3238 necesso
357 3191 398 3238 ssi
412 3193 441 3238 ut
453 3185 495 3238 bic
509 3185 587 3238 etiarn
601 3183 750 3253 vigilemus,
769 3189 796 3236 et
810 3188 965 3252 assumptum
985 3181 1103 3235 venialis
1118 3198 1206 3236 ensem

106 3251 188 3304 libero
201 3251 228 3304 in
240 3253 399 3307 mendacium
412 3271 557 3307 exseramus
571 3260 612 3318 et,
631 3261 754 3321 quantum
767 3253 794 3306 in
803 3251 878 3304 nobis
892 3251 950 3315 erit,
967 3251 1117 3319 adigamuss
1134 3267 1207 3304 arms
1262 3247 1267 3256 “

106 3321 206 3390 pariter
224 3329 252 3372 ei
273 3322 395 3376 aheneum
414 3323 482 3376 arcis
497 3340 592 3376 murum
612 3321 762 3374 orthodoxis
778 3321 960 3391 praebeamus,
979 3328 1067 3372 uostm
1083 3317 1208 3373 videlicet

107 3389 255 3458 conscripta
272 3409 367 3460 opera,
390 3410 438 3444 seu
458 3392 544 3462 potius
565 3407 697 3444 sacrarum
721 3390 912 3461 scripturarum
930 3387 1091 3453 testimonia3
1115 3406 1148 3441 ne
1168 3385 1208 3440 illi

106 3457 294 3511 tenebricosam
309 3466 335 3512 et
350 3460 514 3528 caliginosam
526 3460 681 3514 auditionem
693 3467 849 3530 sequantur,
867 3459 956 3529 sicque
969 3475 998 3512 se
1011 3458 1082 3527 ipsos
1097 3457 1124 3510 in
1145 3473 1208 3526 per·

107 3526 213 3580 ditionis
227 3528 354 3595 gurgitem
368 3530 512 3583 coniicianl.
547 3530 613 3582 Cum
636 3529 701 3581 enim
715 3535 770 3593 tot,
785 3533 859 3581 lanta
874 3535 901 3580 et
921 3526 997 3592 talia,
1016 3527 1088 3597 prius
1102 3524 1206 3596 quidem

106 3597 134 3649 in
147 3595 242 3648 noslris
253 3598 390 3650 invectivis
402 3606 431 3652 et
443 3599 634 3661 Antirrbelicis,
646 3615 714 3651 nunc
729 3603 813 3651 aulem
827 3597 853 3649 in
866 3613 907 3661 ea,
918 3613 993 3665 quam
1006 3595 1135 3662 audiistis,
1150 3594 1206 3646 dis-

106 3665 242 3736 putatione
258 3667 405 3720 testimonia
426 3667 435 3720 i
454 3669 477 3720 si
497 3668 618 3721 Palsmas
637 3667 805 3750 protulerim,
823 3683 871 3732 nec
883 3673 968 3718 nmen
982 3664 1058 3734 plene
1069 3663 1129 3716 bulo
1145 3679 1207 3732 per-

104 3734 240 3797 suaserim,
257 3744 287 3787 ut
301 3737 337 3800 id,
349 3737 416 3806 quod
431 3686 527 3790 idolum
541 3743 595 3801 est,
612 3736 713 3789 minime
728 3735 837 3788 omnium
849 3735 990 3787 increatum
1005 3751 1062 3788 essa
1076 3749 1151 3802 posse
1164 3731 1206 3782 in-

104 3802 251 3871 telligeret:
269 3805 377 3873 agedum
393 3806 426 3858 de
444 3815 548 3859 caetero
568 3806 678 3860 clariora
702 3812 729 3857 et
753 3804 819 3874 ipsis
831 3803 998 3869 '‘fossoribus,
1014 3811 1044 3854 ut
1061 3800 1100 3855 its
1113 3799 1206 3864 dicam,

104 3881 169 3924 uota
183 3873 264 3924 verba
278 3891 436 3944 usurpemus.
471 3875 599 3928 Omnibus
616 3873 714 3944 quippe
732 3881 820 3927 uotum
834 3877 890 3938 est,
906 3888 1006 3924 sacrum
1020 3868 1081 3923 fidei
1101 3877 1205 3922 nostras

105 3941 270 4010 Symbolum,
295 3943 388 3996 diebus
408 3944 505 3997 cunctis
525 3951 553 3996 el
575 3943 707 4005 noctibus,
732 3941 856 3995 communi
880 3941 990 3993 omnium
1008 3937 1204 3992 orthodoxorum

105 4010 267 4064 consessione
279 4013 373 4080 ubique
391 4013 501 4082 iugiter,
519 4013 649 4082 inpagis,
667 4004 791 4075 urbibus,
810 4010 935 4063 montibus
955 4015 983 4061 et
998 4004 1146 4076 speluncis,
1164 4014 1205 4056 alr

104 4096 170 4148 qua,
195 4087 224 4132 ut
246 4097 296 4133 uno
316 4082 395 4134 verbo
416 4082 571 4152 complectar
594 4080 692 4144 omnia,
715 4077 742 4133 in
760 4079 881 4133 universa
896 4085 980 4140 terra,
1003 4083 1031 4128 et
1050 4089 1204 4144 quacunque

104 4163 227 4216 aquarum
247 4158 340 4202 natura
354 4149 429 4203 facile
442 4151 576 4220 pervadit,
592 4147 736 4203 decantari.
769 4148 852 4200 Porro
865 4147 903 4199 sic
918 4145 996 4198 babel
1008 4143 1078 4196 istud
1092 4143 1204 4212 Symbo-

103 4216 169 4270 lums
194 4215 349 4281 „Credimus
362 4219 389 4271 in
409 4236 483 4273 unum
497 4221 578 4272 Deum
594 4219 697 4272 Patrem
720 4215 932 4286 omnipotentem,
956 4215 1081 4266 factorem
1096 4210 1162 4264 caeli
1176 4213 1205 4294 et

102 4292 200 4352 terrae,
216 4285 353 4344 visibilium
365 4288 473 4344 omnium
484 4295 514 4345 st
524 4287 705 4354 invisibilium
721 4291 750 4340 et
761 4284 789 4340 in
802 4301 879 4340 unum
887 4282 1022 4340 Dominum
1032 4281 1117 4336 Iesum
1125 4280 1204 4334 cun·
