2724 5168
200 252 282 325 760·
436 317 438 322 .
475 313 477 318 ,
514 257 749 330 NICEPHORI
768 257 1012 332 GREGORAE

35 437 66 488 Α.
78 435 112 486 u.
126 420 463 513 6854ἅντικρυςἌννης
477 429 535 508 τῆς
544 427 707 506 βασιλίδος
733 427 784 491 καὶ
798 431 855 492 τοῦ
878 421 1000 512 ταύτης
1014 421 1086 495 viati
1112 425 1172 512 τὴν
1194 423 1305 514 ἦγεμσ-

69 499 168 560 h‘ffl
200 530 286 614 νικὴν
298 529 448 607 ἐξουσίαν.
478 527 525 594 διδ
542 529 594 592 καλ
609 527 807 616 πεπράχαμεν
824 529 920 618 άμφω
935 530 1141 609 πλίονούδέν,
1163 529 1305 615 dudone

93 699 95 703 .
200 636 344 718 ἐκτρῖψαι
357 628 515 714 Ῥωμαίων
538 628 637 716 άρδην
650 633 757 716 togis,
781 635 833 702 καλ
852 633 940 719 μέχρι
962 636 1115 717 θεμελίων
1129 632 1234 702 aaran
1247 661 1303 700 κα-

171 741 321 818 Βθελεΐν,
346 733 378 800 εἴ
386 736 419 799 τί
433 759 493 800 που
512 741 658 820 χρηστῶν
678 735 811 802 ἐλπίδων
825 745 891 812 τοῖς
904 732 1063 822 πράγμασι
1078 736 1231 802 λέλειπται
1245 734 1303 816 ζιό-

197 865 306 926 πνρον.
328 847 394 914 τοῖς
406 837 466 924 γάρ
481 836 693 926 άνθρωπίναις
706 838 861 926 άναρτῶσι
875 838 987 916 τδπάν
1001 841 1147 915 ἐπινοίαις
1159 841 1192 917 ἐξ
1204 839 1361 922 εἶβον-Ε

167 981 169 986 -
198 945 268 1018 λίος
298 942 329 1017 ἐς
359 938 507 1017 τοιαύτας
529 941 750 1026 κατενηνέχθαι
776 948 874 1028 κῆρας
907 942 997 1009 οὐδὲν
1027 941 1150 1030 ἀπεικός
1175 941 1225 1008 ότι
1260 944 1303 1027 μὴ

199 1048 251 1112 καί
267 1049 312 1132 τῷ
327 1045 404 1132 θείιρ
416 1039 504 1127 μάλα
516 1050 673 1130 προσῆκον
687 1049 803 1133 σκοπῷ,
825 1050 953 1128 χαλινον
966 1046 1024 1126 μέν
1037 1045 1201 1111 ἐπετιθέντι
1218 1051 1306 1134 σοφῇ

198 1155 238 1236 τῇ
258 1153 320 1214 τῶν
334 1146 540 1233 ἀνθρωπίνων
554 1152 707 1232 λογισμῶν
721 1147 878 1238 αύθαδείρε
886 1197 897 1227 ,
925 1150 1127 1214 διδασκαλίαν
1141 1149 1172 1214 δ’
1192 1135 1304 1236 ἐναργῆ

198 1251 252 1316 διά
266 1256 322 1334 τῆς
334 1256 398 1316 τῶν
413 1246 603 1336 πραγμάτων
617 1251 723 1336 πείρας
736 1257 911 1337 περιφανῶς
926 1261 991 1327 τοῖς
1007 1252 1115 1337 ἐφεξῆς
1131 1254 1222 1316 altior
1242 1277 1304 1316 πα-

167 1353 408 1441 Εραπέμποντι·
436 1349 479 1428 ὥς
490 1350 563 1436 ἡμῖν
578 1353 619 1418 τὰ
631 1360 687 1437 τῆς
701 1356 868 1438 παροιμίας
881 1351 1023 1440 άπικρυς
1035 1356 1216 1437 συμβαίνειν
1229 1354 1302 1420 ἐκεί·
1312 1367 1361 1424 a:

197 1482 274 1542 νης,
295 1453 315 1540 ἢ
336 1452 474 1540 κάμηλος
492 1453 667 1546 (λεγούσης)
688 1454 924 1539 ἐπιθυμιάσασα
940 1453 1076 1543 κεράτων
1100 1458 1152 1522 καί
1175 1455 1215 1520 τά
1240 1449 1304 1522 ὦτα

87 1555 91 1564 ’
198 1557 446 1646 προσαπώλεσεν.
477 1557 737 1643 ἐπιθυμιάσαντες
755 1559 815 1646 γάρ
836 1562 888 1625 καὶ
909 1560 999 1628 αὐτοὶ
1023 1556 1116 1644 δόξης
1135 1560 1186 1624 καλ
1211 1557 1306 1643 τύχης

198 1665 354 1747 μείζονος,
382 1665 433 1728 καὶ
458 1661 566 1750 καιρόν
585 1662 663 1747 ἔχειν
686 1660 822 1747 ἑκάτεροι
842 1660 986 1740 δόξαντες
1005 1663 1134 1728 ἐκτεῖναι
1154 1661 1228 1738 τούς
1243 1668 1305 1728 τῶν

195 1764 355 1851 Ῥωμαίων
371 1765 483 1854 ὅρους,
505 1767 632 1834 καὶτῶν
648 1765 746 1834 όντων
759 1766 938 1851 ἐξέστημεν·
965 1764 1024 1852 κάκ
1043 1765 1200 1832 πλουσίων
1213 1765 1306 1850 πίνη-

196 1895 264 1950 τες,
289 1869 347 1947 κάξ
372 1866 503 1947 ἐνδόξων
523 1867 631 1946 ἄδοξοι
649 1867 849 1956 γεγενήμεθα.
878 1866 905 1934 θ
923 1871 1028 1935 τοίνυν
1050 1869 1142 1956 ἐχρῆν
1160 1865 1237 1951 ἡμῖν
1250 1867 1342 1936 salit

168 1975 391 2038 Fdratrosiodct
412 1975 463 2038 καὶ
485 1974 565 2062 δρᾷν
581 1969 658 2059 ὑπὲρ
680 1978 738 2038 τοῦ
759 1977 845 2059 κσινῇ
869 1972 1099 2060 συμφέροντος,
1123 1974 1195 2058 πρὶν
1209 1969 1230 2055 ἢ
1244 1998 1307 2036 ποι-

196 2081 277 2156 θεῖν,
297 2075 358 2158 dmi
371 2081 462 2160 γοῦν,
482 2071 562 2156 μετὰ
575 2075 610 2140 τό
627 2081 751 2156 παθεῖν,
775 2075 861 2153 άξιον
873 2078 924 2140 καὶ
940 2078 1133 2141 διανοείσθω
1147 2077 1199 2139 καὶ
1215 2077 1306 2164 cippis·

193 2179 247 2244 i'vat
259 2178 305 2261 μὴ
321 2180 373 2242 καλ
385 2184 449 2244 τῶν
469 2173 578 2243 άλιίων
601 2178 722 2244 ἐκείνων
738 2171 819 2260 ὦμεν
840 2180 980 2266 χείρους,
1006 2174 1053 2253 οἷς
1073 2177 1153 2261 μετά
1170 2176 1207 2244 τό
1225 2184 1308 2262 πλη-

196 2286 288 2366 γῆναι
322 2279 380 2364 τὴν
409 2287 472 2346 τῶν
499 2278 704 2366 καθηκόντων
735 2283 959 2366 προσγίνεσθαι
982 2279 1096 2347 ἐπεισιν
1121 2280 1309 2364 αἰσθησιν.”

195 2381 266 2472 (Γ.)
295 2389 406 2448 Ταῦτα
422 2381 599 2467 διανοηθεὶς
620 2381 672 2448 καλ
691 2380 903 2470 φθεγξάμενος
931 2380 948 2448 ό
977 2380 1171 2469 πατριάρχης
1200 2381 1351 2468 tripete-20

194 2486 421 2573 πιθανωτέροις
440 2481 529 2572 ὑπῄει
542 2488 593 2552 καὶ
616 2487 756 2572 ἐπεχείρει
769 2487 885 2552 πείθειν
899 2486 1076 2552 συνθέσθαι
1091 2489 1142 2550 καὶ
1163 2486 1222 2570 τὴν
1242 2494 1309 2567 βα-

99 2599 133 2655 Ρ.
140 2598 192 2657 477
198 2593 301 2656 σιλίδα
308 2587 430 2656 Ἄνναν.
458 2581 534 2654 εἶναι
546 2587 605 2676 γάρ
621 2587 735 2676 δ’φασκε
748 2590 869 2672 βέλτιον
876 2637 887 2670 ,
914 2585 1042 2666 ἑκόντας
1056 2591 1311 2679 Καντακουζηνῷ

196 2691 438 2779 σπεισαμένους,
461 2688 520 2777 τὴν
542 2693 670 2781 κρείττω
688 2703 804 2782 μοῖραν
825 2698 1050 2780 καρποῦσθαι,
1076 2695 1148 2782 πρὶν
1171 2690 1310 2780 ἀφαιρε-

196 2926 358 2993 abdicasset,
376 2930 455 3000 atque
471 2927 536 2984 adeo
551 2926 583 2981 ab
596 2927 760 2998 imperatrice
775 2929 849 2984 Anna
864 2931 893 2988 et
910 2927 943 2982 ab
960 2927 1015 2984 eius
1027 2927 1082 2982 lilio
1097 2941 1242 2998 supremam
1257 2943 1312 2998 po-

196 3005 317 3052 testatem
333 2999 414 3066 palam
431 2999 554 3052 auferret.
589 2998 761 3060 Quamobrem
774 3007 882 3068 uterque
897 2998 958 3050 nihil
972 2997 1040 3050 aliud
1050 2997 1175 3063 fecimus,
1193 2995 1246 3048 nisi
1264 3003 1311 3050 to-

196 3073 237 3120 tas
250 3068 354 3137 penitus
368 3068 535 3122 Romanorum
548 3068 619 3120 vires
631 3068 789 3131 attrivimus,
807 3077 834 3121 et
847 3069 870 3120 si
885 3084 936 3137 qua
947 3069 1016 3120 forte
1028 3068 1111 3120 bonae
1128 3065 1184 3135 spei
1201 3063 1310 3118 scintil-

196 3135 250 3189 lula
261 3137 287 3186 in
302 3137 378 3188 rebus
394 3139 494 3206 reliqua
507 3145 590 3198 esset,
609 3154 663 3189 eam
676 3136 793 3189 funditus
806 3135 959 3190 sustulimus.
994 3135 1048 3190 lios
1060 3137 1142 3200 enim,
1160 3132 1203 3204 qui
1219 3133 1311 3187 omnia

196 3201 231 3256 ad
248 3203 383 3256 humanam
401 3206 551 3260 iudustriam
567 3205 743 3274 imprudentes
755 3206 887 3268 referunt,
904 3223 935 3257 eo
950 3204 1102 3258 calamitatis
1118 3202 1224 3257 devolvi
1239 3201 1309 3256 nihil

194 3271 302 3335 mirum3
320 3271 393 3325 immo
409 3275 516 3327 maxime
534 3274 653 3345 congruit
666 3292 721 3327 cum
737 3274 825 3327 divina
842 3274 1020 3342 providentia3
1038 3275 1110 3327 cuius
1127 3277 1167 3326 est
1185 3271 1228 3324 laic
1247 3289 1311 3325 sca-

195 3357 254 3412 pus,
271 3347 301 3394 ut
314 3343 415 3394 humani
429 3344 506 3396 animi
520 3343 686 3414 arrogantiae
699 3343 814 3396 fraenum
828 3349 925 3396 certum
942 3342 1049 3405 inliciat,
1065 3351 1092 3395 et
1106 3341 1250 3412 peripsam
1265 3359 1311 3393 re·

142 3409 144 3416 ’
195 3425 251 3463 rum
261 3411 449 3478 experientiam
463 3413 569 3480 eridane
584 3415 616 3465 arl
632 3421 750 3484 posteros
763 3413 941 3465 documentum
953 3419 1043 3480 aperte
1056 3411 1220 3464 transmittat.
1246 3411 1322 3462 No«

195 3478 237 3532 bis
252 3469 344 3549 itaque
359 3479 385 3531 id
398 3480 473 3549 plane
485 3498 532 3534 usu
545 3481 632 3546 venit,
650 3473 719 3552 quod
732 3481 835 3551 vuigoni
852 3482 989 3553 proverbio
1002 3481 1055 3536 dici
1072 3483 1152 3534 solet:
1170 3479 1310 3534 Carmelum
1321 3477 1343 3512 ’δ’

195 3563 290 3600 cornua
307 3553 469 3630 appetentem
487 3551 563 3604 etiarn
580 3553 684 3604 auribus
706 3553 820 3606 orbatam
839 3569 906 3605 essa.
941 3551 1009 3603 Nam
1023 3555 1051 3603 et
1061 3550 1112 3619 ipsi
1125 3565 1181 3602 cum
1195 3547 1311 3616 amplio-

194 3633 248 3670 rem
264 3616 415 3686 dignttatem
435 3619 615 3688 fortunamque
632 3627 827 3688 appeteremus,
843 3629 872 3674 et
884 3619 1042 3672 occasionem
1059 3619 1160 3687 utrique
1174 3617 1309 3670 Romanos
1330 3639 1336 3660 ι

193 3685 288 3738 limites
302 3688 467 3755 promovendi
482 3690 593 3742 oblatam
609 3690 684 3752 ¹nobis
697 3691 859 3772 putaremus,
877 3689 953 3742 etiam
966 3689 1007 3753 iis,
1026 3689 1072 3760 qui
1088 3695 1240 3748 tumerent,
1259 3685 1309 3737 da-

192 3753 256 3808 iecti
276 3772 377 3818 sumus,
400 3756 528 3826 iidemque
547 3776 580 3812 ex
599 3759 726 3827 opulentas
744 3760 847 3828 inopes,
867 3775 899 3810 ex
912 3749 1056 3810 illustribus
1070 3756 1135 3810 viles
1156 3763 1183 3807 at
1198 3753 1309 3820 inglorii

193 3823 329 3886 cresimus.
365 3823 440 3887 Quae
455 3827 536 3894 igitur
549 3829 688 3896 oportebat
701 3844 747 3880 nos
762 3834 789 3879 et
803 3825 940 3895 providere
953 3833 980 3880 et
993 3827 1080 3878 facere
1095 3824 1214 3894 publicae
1230 3823 1308 3876 utili-

193 3895 257 3948 tatis
272 3911 358 3958 causa,
376 3904 511 3964 antequam
524 3896 591 3966 lapai
605 3913 726 3960 essemus,
747 3914 779 3950 ea
791 3915 850 3950 sero
866 3898 963 3957 saltem,
982 3913 1013 3948 ac
1029 3905 1161 3964 postquam
1175 3891 1244 3961 lapsi
1259 3909 1309 3944 eu-

193 3979 259 4028 mue,
276 3965 364 4017 facere
376 3980 486 4033 aequum
497 3975 538 4018 est
550 3983 581 4018 ac
594 3965 749 4036 provideret
766 3983 799 4020 na
813 3971 840 4018 et
850 3965 1024 4048 piscatoribus
1039 3964 1088 4022 illis
1101 3961 1231 4016 stultiores
1247 3965 1323 4012 esse'

192 4033 339 4095 videamur,
359 4034 451 4103 quibus
467 4053 533 4104 quae
546 4035 665 4087 facienda
681 4035 779 4087 fuerint
791 4043 889 4088 sentire
903 4041 966 4088 tunc
981 4034 1065 4096 subit,
1083 4049 1139 4085 cum
1152 4031 1250 4082 inflicta
1265 4040 1310 4082 est

193 4101 298 4172 plaga.”
314 4103 391 4171 (ΙΙΙ.)
404 4104 478 4156 Haec
512 4105 641 4156 atriarclta
654 4121 710 4156 cum
724 4111 751 4155 et
763 4104 846 4156 auimo
863 4103 990 4171 agitasset
1000 4111 1029 4156 et
1040 4119 1084 4154 ora
1098 4100 1309 4170 pronunciasset,

193 4171 272 4224 dictis
289 4173 322 4223 ad
340 4123 546 4241 persuadendam
564 4173 836 4238 accommodatioribus
854 4173 952 4230 Aurum
968 4173 1086 4232 subibat,
1106 4170 1181 4242 eique
1197 4177 1225 4220 ut
1242 4181 1308 4228 sen·

193 4241 290 4306 tantiae
299 4259 360 4294 suaa
374 4243 510 4297 accederet
520 4243 681 4314 persuadere
696 4243 845 4295 conabatur.
881 4241 970 4296 Satius
984 4259 1073 4308 nempe
1087 4255 1144 4292 esse
1157 4235 1326 4312 dictitabatss

194 4323 259 4378 paca
275 4325 332 4364 cum
347 4311 528 4396 Cmttaouzepo
547 4315 640 4386 spdnte
659 4311 748 4375 fram,
772 4313 855 4382 partis
873 4311 954 4394 potiri
970 4309 1098 4374 melioris,
1116 4325 1193 4378 quam
1209 4305 1255 4359 ubi
1271 4309 1307 4360 ab
