2804 4778
191 245 292 320 1150
491 249 731 322 NICEPHORI
749 245 993 316 GREGORAE

27 417 235 487 ummtttt
253 415 291 484 τδ
311 413 449 494 αοιεΐν,”
468 413 566 501 φησί,
591 413 672 494 »καί
695 412 824 500 ίνερχεΐν
846 415 911 478 τῶν
936 415 1101 494 πολλαχῶς
1127 409 1306 494 λεχόμίνανν

74 496 156 552 [Μ
193 523 287 589 ἐστίν.
314 517 351 583 οὔ
367 517 428 604 γὰρ
445 517 481 582 τό
498 519 605 598 κτίζειν
617 517 759 600 σημαίνει
777 511 875 599 μόνον
882 562 893 594 ,
909 511 991 578 oillei
1004 513 1082 601 τιρός
1093 519 1222 588 πολλοῖς
1237 511 1307 578 {xt-

193 650 259 712 ραις
274 622 325 686 καί
339 621 376 686 τδ
391 627 530 708 φυσικῶς
549 621 692 706 ίνεργεῖν.·
714 616 757 695 ὥς
779 619 830 684 καλ
848 617 903 682 τδυ
918 613 1007 700 ἥλιόν
1022 641 1125 703 φαμεν
1141 615 1307 700 ποιητικόν

166 731 256 812 Deip,-
267 721 402 812 ἦμίρας,
430 720 484 788 ἅτε
505 729 644 810 φυσικῶς
655 720 754 806 αὐτὴν
771 722 970 801 ίκτελοῦντα,
989 718 1072 786 οὗτοι
1087 722 1139 786 καί
1154 720 1191 786 τί
1207 725 1305 785 noeai-

193 856 241 913 μα
262 833 319 911 τῆς
342 826 512 911 ἇληθείας,
535 829 586 892 καί
607 825 648 891 τὰ
668 823 770 914 τοότιρ
792 825 1110 910 συνααηριθμημίνα,
1138 825 1327 888 tiammo-⁵

195 956 246 998 σιν
265 929 412 1008 οἴκτιστα,
441 931 503 994 luel
526 938 610 994 ποιεῖ
625 930 676 994 καί
700 929 813 1014 ίνεργεῒ
831 933 932 992 ταῦτα
951 924 989 990 τδ
1012 933 1132 1010 πνεῦμα
1148 925 1183 991 τδ
1202 926 1304 1012 ι’ίχιον,

195 1031 239 1110 ὥς
249 1028 406 1120 ίμρότους
420 1029 600 1118 ίνεργείας.”
621 1026 745 1096 ἄκοόετε
761 1031 908 1116 χραλδίων
922 1025 1105 1116 φληνάφων,
1118 1026 1307 1115 αὐτόχρημα

196 1133 305 1224 φόνοι,
332 1131 507 1220 ληρήματα.
534 1131 804 1218 Πνευματομιίχος
819 1121 878 1219 μὰρ
895 1128 1044 1218 ότιόρχων
1057 1132 1180 1219 σαφὴς,
1199 1132 1307 1198 ἔπειτα

166 1235 320 1328 Ερεόγειν
336 1235 521 1322 πειρώμενος
535 1235 692 1321 τοόνομα,
719 1239 831 1322 γίνεται
851 1237 962 1321 χείρων
984 1234 1028 1299 ἴτε
1049 1241 1170 1318 μᾶλλον
1185 1236 1309 1300 ἐκείνων

197 1350 329 1427 μακροῖς
350 1363 412 1405 τισι
433 1341 575 1426 μέτροις·
602 1343 653 1406 καί
674 1339 769 1405 κακὸν
786 1345 884 1404 ποιῶν
902 1335 1014 1403 ἑαυτὸν
1035 1334 1304 1423 ἀλλοπρόσαλλον,
1316 1351 1346 1401 tu

196 1447 250 1510 ἵνα
271 1446 369 1527 δῆθεν
386 1441 530 1532 λανθάνῃ
556 1440 784 1530 διαδιδράσκων
803 1441 950 1526 rotata<
970 1444 1078 1517 κακίας
1101 1441 1244 1525 ἐλέγχους
1249 1491 1260 1522 ,
1289 1437 1307 1506 ὃ

200 1549 235 1613 δὲ
249 1546 361 1630 λίληθε
376 1551 497 1631 μᾶλλον
511 1541 606 1623 οὗτός
625 1543 736 1611 ἑαυτὸν
752 1540 953 1627 ἁλισκόμενος
966 1542 1173 1628 πανταχόθεν.
1203 1545 1236 1610 oi
1248 1543 1307 1630 γὰρ

199 1655 257 1734 τῆς
272 1648 369 1714 ου’τοῦ
384 1653 493 1726 κακίας
503 1650 633 1735 πατίρες
646 1645 926 1732 Πνεοματομόχοι,
942 1649 1060 1732 ποίημα
1076 1648 1215 1732 λίγοντες
1231 1645 1309 1712 είναι

201 1752 238 1818 τδ
258 1757 378 1836 πνεῦμα
385 1801 396 1834 ,
423 1751 568 1840 καθάπερ
583 1752 703 1840 Ἄρειος
726 1753 781 1817 τόν
803 1750 888 1830 υἱόν,
917 1749 1102 1826 ιίκολοόθως
1118 1753 1169 1815 καί
1190 1753 1309 1832 κτίσμα

176 1853 345 1933 θτοῦθίξ
366 1851 499 1942 ἇνόγκης
515 1856 670 1945 ἔφασκον·
697 1851 751 1920 ἅτε
768 1854 813 1939 μὴ
837 1855 1009 1937 δυναμένης
1027 1851 1107 1938 μήτε
1125 1860 1183 1936 τῆς
1205 1879 1307 1938 τεχνι-
1316 1863 1347 1916 15

202 1965 259 2042 κῆς
272 1955 432 2041 μεθόδου,
458 1955 537 2044 μήτε
552 1963 685 2048 φυσικῆς
697 1964 760 2023 τῶν
779 1955 958 2042 ἀνθρώπων
968 1954 1132 2042 ηνιόσειος,
1160 1955 1310 2022 ἄκτιστον

201 2061 321 2144 ποίημα
340 2059 433 2146 λέγειν
454 2063 538 2129 nort.
574 2061 592 2130 ὃ
613 2063 647 2128 δὲ
666 2062 764 2146 μηδὲν
783 2057 1002 2144 αἰσχυνόμενος
1026 2058 1171 2125 ιῖκτιστον
1186 2061 1309 2144 ποίημα

202 2160 388 2247 τετόλμηκεν
409 2161 471 2249 ἤδη
498 2173 679 2249 νομοθετεῖν
707 2165 739 2230 ίν
758 2174 827 2240 ταῖς
854 2162 998 2247 ε’σχόταις
1017 2160 1147 2238 ταόταις
1164 2159 1309 2248 ἦμίραις.

205 2265 298 2349 ίχρῆν
314 2258 369 2330 οὖν
384 2267 442 2331 καλ
456 2265 540 2353 ἡμᾶς
561 2271 713 2335 ἐνταυθοῖ
725 2273 825 2352 σιωπῇ
846 2266 887 2331 τὰ
910 2273 1041 2332 τοιαῦτα
1063 2263 1261 2349 μισήσαντιίς
1276 2289 1309 2331 τε

205 2370 257 2434 καί
279 2367 321 2434 acl
345 2360 411 2434 ὦτα
439 2370 600 2454 βόσαντας
623 2379 728 2459 φιηεῒν
750 2367 812 2434 ἀπὸ
832 2367 929 2454 ἀκοῆς
951 2375 1096 2456 πονηρᾶς.
1131 2367 1205 2434 ἀλλ’
1230 2370 1349 2449 ἐπεί,λο

97 2477 128 2534 l’.
142 2470 195 2534 rot
212 2470 265 2538 διὰ
277 2477 336 2537 rot
349 2469 511 2560 ἀνέλεγκτα
525 2473 700 2561 ψεόδεσθαι
715 2480 827 2539 τοῦτον
841 2471 966 2540 ἀνόσιόν
980 2498 1012 2540 τε
1026 2475 1077 2538 καί
1093 2469 1312 2560 αὖτοχειροτό·

275 2651 303 2710 δ.
319 2649 374 2724 γὰρ
386 2653 455 2711 οοοί.
470 2651 555 2770 capp.
578 2667 629 2724 pro
641 2655 739 2725 postm-
751 2653 808 2708 καλ

207 2803 332 2872 chrum,
347 2805 488 2876 patientia!
528 2805 618 2876 (Vll.)
634 2803 776 2870 „Verum”
794 2803 1075 2875 lnquit„verbal1aec
1086 2806 1181 2860 αοιεῒν
1195 2807 1223 2857 et
1236 2801 1311 2872 ἔνερ-

226 2881 281 2940 είν,
298 2875 383 2928 idest
400 2876 488 2928 lacero
506 2884 534 2928 et
553 2875 671 2945 operari,
688 2883 749 2928 aunt
765 2874 799 2927 δε
818 2874 919 2928 illorum
936 2891 1056 2938 numero,
1074 2874 1243 2944 quasplures
1266 2877 1313 2927 ha·

207 2894 273 2998 lent
283 2944 453 3012 significatus.
487 2946 546 2998 Noc
557 2944 622 2996 mim
635 2961 725 2998 creare
736 2944 889 2997 solummodo
903 2944 1060 3012 significant,
1078 2945 1125 2995 sad
1140 2949 1248 3012 praeter
1260 2945 1313 2997 alia

209 3014 291 3066 multa
312 3012 462 3083 significant
478 3013 554 3066 etiam
573 3013 725 3066 naturaliter
737 3014 849 3083 operari.
885 3015 953 3066 Nam
974 3012 1179 3082 quemadmodum
1199 3029 1215 3064 a
1237 3014 1313 3066 nobis

210 3081 307 3135 dicitur
321 3085 360 3135 sol
376 3083 442 3135 diem
459 3083 565 3146 lacere,
582 3089 673 3152 utpote
687 3099 762 3151 quum
776 3081 930 3135 naturaliter
949 3082 1068 3151 perlicit;
1084 3083 1122 3134 ita
1134 3089 1188 3134 tum
1202 3083 1312 3152 spiritus

210 3149 345 3215 veritatis,
363 3151 484 3214 tomelli,
502 3168 567 3220 quoa
580 3152 663 3204 eidem
685 3151 922 3214 annumeravimus,
939 3151 1048 3203 increati
1061 3157 1227 3220 permanent3
1246 3169 1313 3221 quo·

211 3219 279 3272 niam
293 3236 339 3271 eos
352 3218 410 3288 ipae
425 3219 541 3290 Spiritus
556 3229 670 3284 sanctus,
687 3226 717 3272 ut
731 3221 833 3272 innatas
847 3229 873 3272 et
885 3221 978 3273 insitas
993 3219 1172 3288 operationes,
1190 3221 1258 3272 lacit
1272 3228 1314 3274 at·

212 3304 290 3356 queo
326 3286 423 3344 ratur.'’
457 3288 576 3354 Auditis,
592 3298 623 3342 ut
640 3289 723 3341 dioam
736 3289 814 3359 plone
827 3288 894 3358 quod
910 3306 952 3342 res
975 3299 1030 3352 est,
1047 3290 1182 3356 nugacium
1197 3289 1314 3342 anicula-

211 3371 267 3409 rum
299 3355 453 3409 eliramontn¹
490 3357 555 3411 Cum
567 3359 635 3412 onim
648 3357 731 3428 ipsum
743 3375 800 3411 esre
815 3357 1070 3412 Pneumatomaclmm
1087 3358 1184 3426 liquido
1200 3365 1313 3422 onustet,

213 3441 246 3482 αα
261 3423 355 3478 deiude
373 3425 450 3478 iatam
469 3426 664 3496 appellationem
683 3428 802 3497 effugare
820 3435 940 3493 conetur,
958 3427 1246 3479 Pneumatomsohorum
1265 3429 1315 3480 im·

212 3493 367 3563 probitutem
382 3493 459 3562 longo
473 3504 580 3566 superat
591 3495 744 3562 intervallo,
761 3504 789 3548 et
803 3496 925 3550 mutabile
939 3495 1030 3549 malum
1042 3513 1070 3547 sa
1082 3495 1161 3560 lacit,
1179 3503 1208 3548 ut
1220 3513 1314 3567 nempe

212 3560 279 3614 dam
300 3563 373 3615 nobis
391 3564 514 3632 affugiet,
531 3581 579 3618 noo
600 3563 654 3617 eius
673 3566 825 3634 improbitas
843 3574 979 3634 arguatur.
1020 3567 1114 3617 Verum
1128 3565 1251 3634 nudequa
1271 3583 1315 3629 ue,

214 3630 283 3700 quod
297 3647 347 3684 non
361 3631 552 3697 animadvertit,
565 3635 614 3688 hac
626 3634 784 3703 potissimum
797 3635 898 3687 ratione
912 3643 984 3688 certe
997 3641 1090 3704 captus
1102 3641 1150 3686 eat.
1177 3633 1245 3688 Nam
1252 3583 1315 3686 l'a-

212 3698 343 3754 lamitioao
358 3700 529 3772 improbitatis
563 3708 634 3754 atres
654 3703 893 3766 Pneumatomuchi‚
911 3722 967 3756 oum
986 3711 1102 3758 sanctum
1113 3701 1240 3771 Spiritum
1255 3721 1315 3758 arao

213 3767 309 3822 iactum
323 3769 440 3823 dicerent
454 3771 537 3838 (riost
571 3771 640 3823 ilium
654 3771 767 3824 divinum
781 3773 858 3824 Arius
874 3773 968 3826 lactum
981 3772 1176 3840 condixerat),
1191 3789 1315 3826 neomes-

212 3837 255 3890 rla
275 3839 384 3908 quadam
408 3841 586 3893 oonaecutiona
603 3847 717 3893 creatum
734 3857 793 3893 essa
812 3840 894 3910 ipsum
916 3844 1084 3905 asserebant3
1107 3841 1315 3910 quandoquidem

214 3904 271 3959 sire
291 3915 348 3960 arte
364 3917 543 3976 comparatas,
560 3908 617 3961 sive
635 3919 756 3962 amatura
770 3909 862 3962 insitas
877 3911 1003 3964 hominum
1022 3909 1183 3978 cognitiones
1196 3911 1316 3962 consula·

214 3990 287 4039 mua,
303 3975 330 4027 id
350 3975 417 4060 quod
430 3977 526 4029 iactum
543 3987 598 4043 ast,
614 3976 756 4031 increatum
770 3979 822 4031 dici
837 3995 963 4048 nunquam
978 3981 1082 4050 poterit.
1117 3978 1171 4031 Sed
1185 3978 1315 4042 Palamas,

215 4059 292 4110 quem
309 4045 401 4097 nullius
414 4045 453 4098 rei
465 4046 563 4116 putlet,
581 4046 725 4100 novissimis
740 4047 814 4100 hisce
827 4047 929 4112 diebus,
946 4049 974 4102 id
987 4050 1055 4118 quod
1069 4048 1165 4100 lactum
1177 4057 1257 4111 esset,
1274 4049 1316 4100 iu-

215 4119 329 4165 oreatum
349 4119 463 4167 statuere
483 4131 533 4168 non
552 4114 692 4190 nabitavit
727 4115 870 4185 Oporteret
883 4119 972 4187 itaque
989 4127 1018 4170 ut
1033 4119 1097 4169 hoec
1115 4116 1198 4170 omnia
1218 4133 1315 4169 summo

215 4183 366 4250 prosequuti
380 4182 438 4234 odio
447 4183 597 4248 sileremus,
614 4191 642 4236 et
653 4185 794 4238 obstructis
809 4186 914 4238 auribus
928 4187 962 4240 ab
976 4187 1108 4240 auditione
1121 4186 1188 4238 mala
1201 4185 1317 4239 (leelina-

213 4263 310 4303 ramoa.
346 4249 438 4306 Verum
449 4253 569 4324 quonium
581 4254 628 4323 (ox
636 4271 668 4309 eo
679 4253 750 4325 quod
762 4254 866 4326 impuno
878 4257 1017 4312 mentiatur
1029 4255 1144 4310 nefarius
1156 4254 1201 4310 illa
1212 4261 1241 4310 et
1254 4271 1316 4308 suo-
