2760 5176
470 637 831 746 ennornrrouns.
1114 669 1214 746 1263

59 830 165 910 στιδς,
192 830 216 912 ἢ
241 837 301 896 νῶν
330 827 584 912 Ἆδριανοῦιιολις.
628 833 704 896 Vide
740 845 770 896 et
800 835 909 896 Leonie
935 832 1038 896 ellarii
1064 845 1151 898 notee
1183 840 1222 900 ed

60 921 175 997 Georg.
191 919 334 1000 Acropol.
351 917 466 980 Histor.
483 941 549 1000 cep.
567 921 650 980 XIII.
675 919 752 979 Edit.
770 921 842 996 Iieg.
861 939 927 999 pag.
946 927 1021 986 23¹.
1064 942 1178 987 uorvm,

101 1089 108 1103 ι
151 1009 224 1084 ch-
246 1011 320 1078 621,
342 1009 371 1070 3.
399 1000 768 1087 Τδν”ΑγγελονἸωῶννρν]
791 1005 834 1064 IIe
850 1006 949 1085 quoin
962 1004 1072 1072 Femil.
1088 1009 1216 1087 Byzant.

59 1109 272 1240 θεωῃδδίδδδδδ.
287 1090 481 1258 ²iiaooiidd
483 1111 612 1255 1iiiluna
624 1175 707 1234 urbie
722 1173 855 1236 meminit
866 1173 1091 1238 Centecnzeuue
1107 1178 1160 1241 lib.
1167 1180 1217 1242 111·

59 1279 132 1339 ουρ.
146 1260 247 1321 XXX.
291 1260 366 1320 Vide
381 1270 482 1321 notate
501 1261 540 1320 ed
554 1259 805 1320 Villhnrduiuum.
847 1279 977 1325 nucero.

150 1347 221 1426 Pag·
248 1350 328 1420 621,
363 1351 392 1412 6.
440 1349 503 1409 Τοῦ
533 1346 756 1428 νεαραόρὲοντος
786 1349 827 1428 τῇ
853 1337 1026 1425 Ὀρεστιῶδι
1054 1345 1216 1430 ποταμοῦ]

58 1425 170 1488 Hebri.
196 1429 274 1490 Vide
284 1432 447 1492 Centecnz.
463 1430 514 1494 lib.
531 1430 586 1492 III.
604 1451 671 1512 cep.
690 1431 788 1492 XXX.
807 1451 873 1530 ρος.
892 1429 965 1496 448.
984 1429 1057 1495 449.
1079 1451 1213 1497 nucero.

149 1517 224 1596 Pssg·
246 1521 319 1593 622,
341 1523 395 1582 28.
435 1515 489 1590 Ὡς
506 1513 563 1599 γῶρ
585 1515 635 1578 ἐπὶ
660 1518 886 1597 μανδραβολου]
917 1515 1133 1594 ProverbInm,
1175 1517 1214 1580 de

59 1617 125 1677 qno
146 1599 313 1680 Zenobiue,
343 1603 558 1680 Diogenienue,
583 1601 708 1680 Suidoe,
729 1599 860 1662 mohin
880 1599 1071 1681 ApoeloIIue,
1094 1612 1125 1662 et
1147 1602 1212 1666 elii.

58 1703 197 1742 ουοικο.

148 1769 229 1852 Ρᾱς·
251 1774 324 1846 628,
347 1777 378 1837 8.
424 1765 669 1850 Πρωτοστρᾶκοιρ
688 1764 844 1853 Θεόδωρος
863 1768 883 1833 δ
905 1765 1104 1850 Συννδηνδς]
1135 1772 1212 1832 Cen·

59 1861 200 1914 tecunen.
216 1856 269 1914 lib.
280 1855 331 1916 III.
350 1877 416 1936 cep.
425 1857 537 1918 XXXI.
547 1856 633 1914 cuiue
650 1857 723 1915 olibi
741 1877 799 1915 non
816 1855 904 1915 remei
917 1856 1061 1919 meminit.
1082 1876 1212 1918 υοοικο.

150 1943 222 2020 Pssg·
244 1947 318 2016 623,
341 1941 371 2004 4·
416 1942 562 2022 Σερδῶν]
587 1942 811 2001 Centacuzenue
827 1944 936 2018 Φερῶν
953 1941 1035 2018 legit,
1058 1961 1211 2020 quemur-

58 2023 130 2084 bern
143 2025 176 2083 iu
192 2024 337 2088 Thraciae
352 2025 580 2104 Theseoflaeque
597 2025 706 2086 finibus
721 2025 791 2086 Fere
811 2024 902 2086 hodic
924 2035 1033 2084 vocant
1049 2027 1155 2104 Turci,
1177 2037 1212 2088 ut

58 2108 168 2170 ecribit
184 2111 383 2180 Leuucloviue
396 2113 428 2172 in
445 2112 548 2191 priore
565 2113 756 2172 Onomeelic'o
768 2112 905 2170 Turcico.
927 2130 1058 2170 nucero.
1105 2111 1213 2174 ΡΙιενοε

59 2203 153 2256 vocet
170 2196 410 2276 Centncuzenuo3
442 2206 530 2275 atquc
545 2197 621 2256 iIIud
641 2197 706 2256 eius
727 2197 810 2256 urbie
833 2215 941 2255 nomen
958 2196 1095 2274 primitur
1110 2199 1212 2274 iniere,

58 2278 176 2340 indicet
193 2281 285 2343 breve
301 2283 426 2344 Urbium
441 2283 666 2356 Onomeeiicon,
689 2283 770 2362 qnod
782 2291 879 2342 exeret
896 2282 926 2340 in
941 2281 1012 2343 Cod.
1030 2283 1098 2360 fleg.
1113 2287 1208 2350 2990.

58 2364 115 2426 fol·
139 2371 191 2432 70.
213 2387 243 2430 v.
267 2368 320 2428 ubi
338 2369 418 2428 inter
442 2368 500 2427 elie
520 2367 632 2446 legitur
649 2367 760 2450 Φεραλ,
782 2370 1010 2448 πληθυντικῶς,
1034 2365 1069 2429 ολ
1086 2367 1209 2450 Biddon,

58 2448 113 2514 erni
130 2453 255 2534 Φεραῖοι
268 2455 301 2515 ολ
313 2448 376 2517 α’πδ
390 2448 509 2532 ταύτης.
550 2473 666 2514 norrun.

148 2540 317 2617 Pssg··623,
340 2542 371 2604 5·
415 2536 449 2601 ‘0
467 2541 523 2601 τοῦ
545 2532 698 2612 θανόντος
721 2535 865 2619 βασιλέως
888 2529 1068 2614 ἐξάδελφος,
1101 2534 1168 2619 Ριδμ
1190 2535 1210 2603 δ

58 2617 228 2700 Αρμὲνιος]
256 2621 354 2684 Guido
376 2622 554 2684 Armenius:
585 2624 792 2684 Centecuzeoo
815 2620 881 2707 (lib.
897 2623 918 2683 l.
940 2643 1007 2703 ουρ.
1021 2620 1107 2704 LVI.)
1131 2627 1209 2706 Συρ-

58 2703 288 2786 γηνιελεζιῶνοι
319 2709 414 2770 eidem
438 2704 505 2788 (lib.
528 2709 582 2768 III.
602 2729 667 2790 cep.
690 2708 818 2791 XXXI.)
858 2704 963 2790 Σνργή
986 2705 1209 2784 ντελενονζιᾶοι

60 2791 195 2868 Gallice,
223 2791 418 2853 Simonide
435 2791 615 2875 Lusignnm,
641 2815 695 2853 scu
715 2793 751 2853 de
772 2793 937 2874 Leeigrrem.
981 2794 1053 2852 Erat
1076 2792 1127 2852 hic
1149 2795 1208 2852 An·
1282 2865 1284 2868 Ι

59 2875 179 2935 dronici
200 2877 326 2937 iuniorie
344 2876 515 2954 ἐξάδελφος.
551 2881 673 2939 Scilicet
692 2879 881 2938 Andronicus
897 2879 998 2938 iunior
1010 2887 1132 2938 matrem
1150 2876 1207 2936 he-
1273 2903 1274 2908 ¹

58 2959 127 3019 buit
146 2961 280 3022 Mariam
295 2963 475 3037 Ameriam,
499 2985 575 3042 quoe
590 2975 620 3024 ct
633 2962 725 3024 Ricrn
742 2973 771 3024 et
786 2962 871 3024 Xeno
888 2964 968 3023 dicia
989 2973 1042 3022 oet.
1085 2961 1207 3024 Morio·

61 3055 162 3104 nutem
177 3068 271 3126 nepoe
291 3049 349 3110 fuit
365 3067 402 3107 ex
427 3049 520 3108 fratre
541 3046 639 3109 Guido
661 3049 735 3125 iste,
766 3048 816 3126 qui
843 3060 947 3128 poeiea
973 3047 1131 3108 Armeniae
1151 3067 1206 3106 rex
1252 3095 1257 3113 .

57 3130 136 3205 fuit,
158 3129 191 3194 ἔκ
207 3129 347 3219 πατρῴου
362 3125 577 3212 προσηκούσης
590 3127 673 3216 edroi
686 3127 799 3214 κλήρου
814 3136 869 3213 τῆς
885 3128 997 3216 ιῖρχῆς,
1018 3131 1118 3211 inquit
1132 3131 1205 3190 Cen-

58 3224 224 3276 tecuzenne
238 3217 350 3282 Hietor.
371 3217 421 3280 lib.
435 3218 489 3278 III.
505 3239 569 3298 cap.
584 3218 690 3278 XLIX.
732 3236 845 3279 νοινικ.

146 3299 223 3384 Γᾶς.
246 3304 318 3380 624,
340 3309 392 3368 20.
439 3307 506 3365 Τῶν
529 3305 617 3366 δυοῖν
638 3297 733 3378 orieris·
758 3295 920 3378 ἀδελφῶν]
945 3299 1117 3379 Dequibue
1140 3301 1204 3378 egi·
1299 3317 1300 3322 ’

57 3406 126 3446 mue
149 3387 182 3446 In
209 3389 313 3451 Femil.
336 3388 492 3468 Byzantin.
515 3407 583 3468 pag.
608 3391 680 3454 325.
701 3387 754 3446 ubi
773 3387 933 3446 nerninem
960 3385 1204 3466 perstrinximus.

56 3491 190 3534 nucero.

145 3562 219 3637 rag.
241 3562 314 3632 624,
338 3564 389 3624 23.
431 3551 506 3637 Εἶχε
519 3552 576 3640 φδρ
591 3556 732 3633 δεσμίους
750 3550 876 3635 ον’τοδς]
899 3556 943 3616 De
958 3555 1094 3616 Menuele
1111 3555 1141 3616 id
1156 3566 1202 3618 te-

57 3651 157 3703 ntetur
174 3643 399 3702 Centecuzenus
411 3642 466 3704 lib.
479 3643 531 3704 III.
553 3663 620 3722 cop.
635 3643 714 3702 XLI.
728 3662 816 3720 quem
832 3641 873 3700 eit
893 3640 926 3704 ἐν
946 3635 1033 3727 Βήρςι
1052 3637 1203 3723 φρουρού-

57 3751 152 3809 μενον
171 3725 233 3792 ῶιιδ
255 3734 368 3803 κλοιοῖς
388 3728 497 3788 inisse:
526 3748 565 3790 ex
582 3747 642 3808 quo
662 3727 865 3788 emendandus
879 3725 940 3784 hoc
955 3726 1023 3786 Ioco
1040 3728 1199 3804 Gregoree‚

56 3813 111 3893 qui
128 3814 230 3872 Iocum
248 3824 339 3873 vocet
353 3809 504 3895 φρούριον
516 3819 571 3894 τῆς
589 3805 745 3894 Αῶδήροιν
760 3816 870 3893 μονῆς,
894 3821 924 3871 et
937 3811 990 3871 lib.
1005 3811 1082 3872 XVI.
1095 3832 1162 3893 cap.
1176 3813 1198 3873 I.

55 3903 119 3962 τῶν
138 3892 273 3978 ’Λδήλων
297 3896 415 3979 μονήν,
438 3917 507 3958 curn
531 3898 690 3975 legendum
710 3899 751 3958 eit
772 3892 875 3978 Βήρυς
896 3901 1001 3976 μονῆς.
1045 3897 1099 3958 En
1120 3899 1200 3958 enim
1284 3887 1296 3916 ‘

55 3979 161 4063 Βήρα,
183 4005 235 4043 eeu
250 3983 347 4058 Vero,
369 3998 500 4044 centrum
513 3985 545 4046 in
562 3983 691 4044 Threcia
704 3983 743 4042 ed
760 3981 853 4042 Hebri
867 4001 921 4042 eeu
939 3982 1067 4042 Marione
1079 3984 1200 4058 ortium,

55 4067 140 4128 haud
160 4070 322 4149 proculab
343 4070 437 4145 Oeno,
458 4069 510 4130 ubi
530 4069 743 4130 monesterium
763 4069 896 4128 virorum
918 4068 1042 4143 exstitit,
1067 4068 1104 4128 eb
1123 4069 1198 4126 Iseo-

56 4155 104 4214 cio
125 4157 276 4218 Comneno
290 4154 455 4215 Andronici
467 4155 598 4234 Tyranni
614 4154 787 4235 petresolim
804 4161 1006 4229 exstructum,
1029 4153 1075 4212 uti
1090 4163 1198 4212 euctor

55 4240 231 4302 eetNicetee
246 4240 278 4299 in
294 4241 466 4300 Andronico
483 4242 533 4301 lib.
547 4242 571 4301 I.
586 4261 654 4320 οορ.
669 4240 707 4302 II.
724 4249 755 4299 et
767 4238 799 4298 in
815 4237 927 4298 Ieeacio
946 4238 1058 4312 Angelo
1076 4237 1129 4298 lib.
1145 4237 1196 4302 IV.

56 4345 126 4404 cop.
150 4325 227 4386 VIII.
243 4335 323 4386 utet
341 4328 566 4386 Cuntecuzenue
588 4326 637 4386 lib.
653 4325 706 4390 III.
721 4345 787 4404 ουρ.
803 4321 912 4386 XXVI.
923 4323 1038 4383 XXXI.
1057 4323 1197 4384 XXXIV.

53 4410 131 4470 LIV.
150 4419 179 4469 et
193 4410 246 4472 lib.
262 4411 314 4473 IV.
328 4432 394 4492 οορ.
409 4411 499 4470 XLII.
523 4410 775 4492 quemadmodum
800 4430 817 4468 e
836 4408 922 4468 nobis
949 4407 1137 4467 observatum
1159 4407 1198 4468 od
1226 4459 1229 4466 ,

54 4493 302 4556 Viiihorduinum
335 4518 365 4556 n.
396 4496 467 4555 CCI.
491 4517 509 4557 e
533 4515 594 4576 quo
616 4491 755 4557 l'Abbei'e
777 4489 815 4553 de
839 4491 991 4554 Veroieine
1019 4493 1197 4572 appelletur.

53 4599 185 4640 nucero.
233 4587 296 4661 Τῆς
310 4587 371 4644 τῶν
383 4574 539 4662 Αῶδήροιν
555 4584 671 4660 μονῆς]
696 4578 804 4640 Graeci
820 4579 1005 4640 recentiores
1022 4575 1149 4658 Αὔδηρα
1167 4587 1198 4638 ct

53 4661 192 4747 Αῶδειρο
205 4668 406 4747 nupserunt,
429 4664 639 4749 ριο’Ἀβδηρα.
683 4665 735 4727 nu
751 4671 851 4725 eutem
871 4661 998 4726 Addere
1016 4663 1198 4745 oppidulum
