2706 5160
122 283 199 361 594
418 293 656 364 mcmfflom
680 291 921 362 GREGORAE

69 453 297 546 Βίδεῦμῆχανύν
310 455 409 544 πωςῆ
428 455 544 544 ἀνάγκη
561 459 638 548 πρδς
658 459 812 547 σωτηρίαν
826 457 956 544 γίνεται,
984 454 1109 540 ἀμεινον
1127 454 1226 543 δήπου

124 575 190 641 τοῖς
212 561 293 653 λύγιρ
315 565 367 628 καὶ
383 568 426 651 uqi
443 573 582 649 συμφυεῖ
596 564 790 650 κεχρημένοις
809 559 883 646 ἡμῖν
898 562 930 626 ἔν
943 571 1010 637 τοῖς
1027 560 1227 640 ἐπικινδύνοις

123 666 299 757 πράγμασιν
321 663 428 752 ἐγγύας
452 666 606 748 ἀπαιτεῖν,
641 664 755 734 ῦπύσαι
781 663 858 751 πρδς
879 664 936 748 τὴν
950 663 994 728 δι’
1013 662 1114 750 ὅρκων
1129 691 1228 732 κατα-

93 770 270 861 Εφεύγοοσι
283 772 440 836 πίστωσιν.
468 768 660 853 ἀμειψαίμην
671 769 703 835 δ’
720 767 759 834 άν
776 771 827 833 καὶ
844 766 939 843 αῦτδς
951 763 1033 848 ύμῦς
1046 777 1111 845 τοῖς
1124 795 1230 854 παρα-

121 877 261 960 πλησίοις
270 923 280 953 ,
308 876 334 937 εί
347 873 391 956 μὴ
409 871 498 937 ἱκανά
508 873 586 959 πρὸς
599 869 770 960 ἀσφάλειαν
787 872 917 947 πίστεως
932 869 972 935 td
988 872 1251 958 προῦπηργμέναῦ

123 979 239 1062 δοκοίη.
268 977 299 1040 ἔν
312 975 371 1062 γάρ
384 976 507 1065 ἔξουσίη
519 973 678 1062 γενύμενος
689 981 746 1041 τοῦ
761 980 818 1058 τῆς
840 973 1083 1060 αὐτοκρατορίας
1098 977 1241 1061 anapesto-'¹

124 1083 236 1148 λίσθαι
253 1078 288 1145 τῦ
304 1085 428 1162 σχῆμα,
456 1077 533 1164 πρὸς
547 1077 679 1162 ἐσχάτας
696 1077 756 1162 ἤδη
775 1084 831 1143 τοῦ
845 1076 998 1158 βασιλέως
1012 1075 1101 1152 ἀντος
1117 1076 1226 1158 πνοάς,

126 1182 177 1250 ὅτε
191 1185 242 1249 καῖ
257 1181 316 1247 σῦν
336 1190 401 1256 τοῖς
422 1183 510 1246 δυσίν
525 1181 619 1247 υἱέσιν
641 1183 754 1247 ίκείνου
771 1187 834 1246 τῶν
853 1181 1017 1262 βασιλείων
1030 1178 1117 1245 ἔνδον
1132 1180 1229 1256 αύτδς

121 1283 282 1372 γενόμενος
307 1294 460 1372 φρουραῖς
487 1293 720 1369 στρατιωτικαῖς
748 1279 968 1370 ἠσφαλισάμην
997 1281 1096 1364 αάτά,
1129 1286 1229 1368 μηδε-

124 1389 178 1464 νδς
196 1385 470 1472 ἀντιπράττοντος,
506 1386 586 1452 ἀλλά
610 1386 734 1453 πάντων
762 1382 981 1469 ὑπεπτηχότων
1003 1391 1048 1475 τῷ
1073 1385 1152 1467 δίει,
1188 1384 1225 1452 οῦ
1238 1389 1272 1444 io

96 1491 239 1565 ινταάτδν
261 1491 404 1557 πέπονθα
421 1499 488 1566 τοῖς
500 1489 581 1574 παρ’
607 1489 696 1568 ἀξίαν
716 1489 878 1572 ἔντυχοῦσί
897 1514 954 1553 τινι
975 1494 1148 1576 θησαυρῷ,
1176 1492 1229 1554 καὶ

124 1595 315 1682 ἀμφοτέραις
336 1593 372 1660 τδ
399 1600 456 1678 τῆς
480 1599 585 1678 ψυχῆς
615 1590 846 1676 ἀναπιμπλάναι
877 1597 933 1657 τοῦ
963 1589 1077 1677 ἔρωτος
1099 1593 1229 1679 φίλτρον

129 1698 341 1783 ἔπειγομίνοις·
358 1696 423 1762 ἀλλ’
440 1696 542 1780 ἔμεινα
556 1703 618 1762 τιῦν
630 1705 687 1781 τῆς
700 1699 830 1783 ἔξαρχῇς
845 1695 1022 1780 προθύσεως
1036 1693 1116 1782 ὅρων
1130 1693 1227 1771 ἔντάς.

130 1807 235 1892 πολλῷ
251 1803 284 1866 δὲ
301 1799 401 1885 δήπου
423 1800 613 1887 σαφέστερον
635 1803 757 1877 ἐξουσία
771 1802 822 1864 καὶ
837 1803 970 1873 πλοῦτος
985 1801 1035 1862 καὶ
1054 1793 1229 1881 αὐτόνομος

127 1901 259 1988 δύναμις
279 1901 402 1990 γνώμην
431 1901 600 1989 ἀνθρώπου
625 1905 786 1986 δηλοῦσιν,
824 1899 845 1986 ἢ
868 1903 956 1966 πενία
975 1904 1027 1984 καλ
1047 1896 1271 1979 ύπεξούσιοςίά

126 2010 240 2073 δίαιτα.
269 2013 314 2093 τῷ
340 2005 400 2092 γάρ
425 2005 559 2094 ἀκουσίῳ
581 2006 691 2088 βιαίως
721 2005 810 2070 ἔνίων
833 2003 872 2069 τά
902 2001 1230 2091 ἥθητυραννούμενα

69 2107 276 2182 369λανθάνει
292 2109 344 2174 διά
359 2115 481 2193 μακροῦ
497 2109 554 2184 τάς
568 2115 631 2172 τῶν
641 2106 757 2185 ἔξωθεν
768 2109 880 2193 κρίσεις
893 2113 949 2192 τῆς
965 2106 1114 2190 ἀληθείας
1130 2133 1228 2172 κατα-

124 2210 311 2298 ψευδόμενα.
336 2209 371 2276 ἔν
390 2213 447 2293 μὲν
467 2203 521 2276 οῦν
541 2212 633 2276 ἔκιῖνο
658 2211 736 2293 μετά
754 2211 811 2294 τὴν
831 2216 887 2276 τοῦ
911 2212 1064 2294 βασιλέως
1085 2211 1229 2296 τελευτὴν

124 2323 182 2400 τῆς
197 2317 273 2400 ἐμῆς
285 2311 505 2400 καθαρότητος
518 2313 765 2399 παραστατικὸν,
793 2315 842 2378 καὶ
856 2311 922 2396 άμα
942 2321 999 2398 τῆς
1012 2311 1100 2397 ῦμιῦν
1115 2316 1229 2392 δειλίας

124 2417 333 2508 ἀναιρετικὸν,
362 2416 409 2483 ὅτι
434 2417 534 2503 παρδν
557 2419 592 2484 ἐκ
614 2423 671 2484 τοῦ
694 2414 811 2507 ῥᾴστου
833 2415 1043 2497 adunantur
1056 2405 1272 2501 περιζώσα-’δῦ

123 2529 203 2589 σθαι
219 2518 348 2608 κράτος,
377 2518 448 2587 οῦτε
470 2521 610 2608 πέπραγα
624 2527 764 2586 τοιοῦτον
787 2518 894 2601 οάδέν,
924 2517 993 2586 οῦτε
1010 2518 1227 2602 βεβούλευμαι,

124 2625 191 2692 ἀλλ’
210 2625 312 2708 ἔμεινα
326 2620 457 2706 πάμπαν
472 2631 535 2690 τῶν
552 2623 632 2710 δρων
646 2629 703 2707 τῆς
716 2623 891 2707 είθισμένης
906 2620 1020 2700 τάξεως
1034 2623 1131 2704 ἔνδον,
1150 2621 1229 2708 ἀκή-

126 2755 222 2815 ρατον
238 2733 398 2813 συντηριῦν
411 2726 446 2792 cd
460 2732 595 2814 φρονοῦν
605 2733 660 2810 τῆς
672 2731 787 2811 ψυχῆς.
815 2725 852 2791 οῦ
869 2724 927 2813 γάρ
937 2732 1087 2792 τοσοῦτον
1100 2722 1230 2814 ἀνθρώ-

98 2850 199 2910 Βποις
215 2831 353 2919 ἀρέσκειν
370 2829 472 2918 ἔκρινα
493 2832 571 2913 δεῖν,
598 2828 672 2896 δσον
684 2835 730 2921 aqi
746 2834 810 2895 τοῦν
825 2827 948 2912 ἀδήλων
965 2827 1081 2918 ἐπύπτγγ
1092 2836 1169 2920 θεῷ.
1198 2829 1229 2896 oi

124 2998 173 3082 bpa
186 2996 245 3080 ipae
256 2994 397 3079 neqeaciiqa
410 2991 532 3078 quaedam
547 2992 636 3076 mimia
648 2989 760 3078 tuendae
774 2997 844 3047 artes
857 2993 983 3063 suggerit,
1000 2999 1096 3064 quanto
1112 3011 1159 3047 noa
1174 3008 1229 3047 ma·

124 3085 176 3187 ii:
194 3062 1230 3202 tot:‘totta‘ttf'ttttttt“tttttfflt’nitit‘ttttttit‘:³53

125 3202 202 3256 iidem
216 3203 383 3256 iureiurando
403 3202 531 3255 sanciunt.
566 3201 688 3254 Referam
704 3208 789 3254 autem
806 3199 880 3254 vohia
895 3200 969 3270 paria
985 3206 1012 3252 et
1024 3198 1096 3268 ipae,
1114 3199 1136 3253 ai
1150 3217 1229 3270 prae-

125 3272 221 3326 teritae
241 3288 284 3324 rea
303 3271 337 3323 ad
353 3269 415 3323 {idei
432 3269 648 3323 confirmationem
668 3286 719 3322 non
735 3270 798 3322 catio
817 3288 875 3323 εντα
893 3270 1037 3323 videantur.
1072 3267 1151 3321 Certe
1171 3285 1229 3323 cum

125 3357 206 3410 penea
218 3357 258 3394 me
276 3345 346 3392 earet
359 3339 539 3408 imperatoriae
551 3338 687 3407 potestatis
698 3338 806 3392 induere
818 3338 940 3408 insignia,
957 3344 1094 3392 extremum
1109 3337 1229 3408 spiritum

124 3411 176 3463 iam
191 3408 328 3462 &halante
340 3407 512 3476 imperatore,
536 3413 589 3460 tum
605 3407 705 3460 acilicet
723 3425 778 3460 cnm
790 3407 927 3477 palatium,
943 3407 970 3460 in
987 3424 1037 3478 quo
1057 3423 1113 3461 cnm
1129 3407 1229 3461 duobua

124 3477 242 3531 defuncti
262 3476 322 3529 fiiiia
340 3478 479 3540 venabar,
501 3475 631 3546 praecidio
649 3476 791 3530 muniebam
809 3476 930 3541 militari,
956 3477 1056 3529 nemine
1076 3475 1229 3543 obsistente,

124 3548 241 3600 omnibus
255 3556 323 3599 metu
338 3545 490 3615 prostratis,
512 3562 563 3597 non
582 3544 648 3598 idem
666 3545 729 3598 mihi
743 3545 839 3600 accidit
852 3555 930 3615 atqua
941 3545 1008 3609 illia,
1026 3544 1109 3615 quiin
1121 3546 1230 3599 thecau-

123 3631 180 3668 rum
195 3616 305 3684 aliquem
324 3613 442 3666 incidunt
459 3613 560 3667 minima
575 3613 662 3683 digni,
686 3620 714 3668 et
733 3632 808 3668 mann
830 3622 942 3684 utraque
962 3614 1076 3684 gentiunt
1097 3613 1229 3668 ardentem

122 3685 201 3738 animi
218 3683 350 3738 libidinem
362 3683 483 3753 expiere3
503 3684 605 3746 cedma
618 3684 687 3736 intra
700 3683 804 3752 pristini
817 3683 928 3736 instituti
939 3683 1034 3750 limites
1048 3685 1170 3737 continui.
1193 3686 1229 3737 nt

122 3753 241 3824 potentia
254 3761 281 3806 et
294 3770 357 3822 opes
372 3757 399 3805 et
413 3769 480 3821 quae
493 3752 531 3806 ani
546 3751 609 3806 iuria
621 3752 794 3817 militenen,
813 3769 865 3822 qua
877 3753 936 3823 quia
947 3761 1034 3807 menta
1048 3753 1083 3806 ait
1096 3753 1229 3806 declarant

120 3824 200 3878 multo
216 3820 323 3886 certina,
339 3838 415 3891 qnam
428 3822 502 3891 inope
518 3827 545 3875 et
559 3822 705 3891 mancipata
718 3822 794 3875 alteri
810 3823 875 3876 vita.
911 3821 1077 3885 Quorundam
1093 3822 1160 3874 enim
1174 3839 1230 3876 mo-

120 3909 163 3946 rea
177 3891 334 3946 necessitate
347 3901 468 3960 tanquam
485 3890 512 3942 vi
523 3889 660 3959 tyrannica
682 3891 800 3961 oppressi
823 3892 930 3945 aliorum
944 3891 1072 3944 hominum
1083 3891 1229 3961 opinionem

119 3961 160 4014 aic
179 3962 284 4024 saliunt,
307 3965 337 4012 ut
356 3960 401 4011 din
422 3958 580 4012 mendacium
598 3960 706 4014 veritati
727 3960 885 4030 praevaleat.
920 3961 981 4014 Una
1001 3960 1009 4011 i
1030 3961 1082 4014 itur
1104 3977 1146 4013 rea
1164 3961 1228 4012 haee

120 4037 181 4098 poet
198 4036 304 4084 mortem
318 4028 481 4098 imperatorie
499 4036 527 4081 et
540 4045 620 4081 meam
633 4029 809 4099 integritatem
824 4029 888 4082 catio
900 3977 1070 4092 commendat,
1087 4035 1115 4082 et
1129 4045 1175 4080 voa
1195 4027 1229 4080 li-

121 4099 197 4152 berat
212 4107 297 4164 motu,
315 4098 386 4168 quod
401 4097 472 4150 incili
486 4097 574 4151 labore
589 4105 744 4168 potestatem
755 4098 817 4154 mihi
833 4097 1022 4168 imperatoriam
1036 4113 1159 4165 arrogare
1172 4113 1229 4149 eom

121 4184 237 4236 peccem,
256 4187 303 4224 nee
321 4167 374 4221 tale
393 4167 485 4219 admisi
502 4166 639 4237 quidquam
658 4185 706 4232 neq
720 4168 852 4236 cogitavi,
875 4167 921 4220 aad
938 4167 1040 4220 omnino
1059 4168 1127 4219 intra
1147 4165 1229 4220 officii

120 4241 237 4291 conaucti
253 4239 346 4292 limites
360 4236 513 4306 incorrupta
529 4236 606 4289 animi
623 4236 797 4290 moderatione
816 4235 886 4290 steti.
922 4235 1078 4290 Placendnm
1095 4235 1162 4288 enim
1179 4251 1230 4303 pn-

121 4306 177 4361 mei
191 4323 242 4362 aon
255 4315 308 4364 tam
318 4304 462 4364 hominibus
476 4323 552 4379 quom
566 4307 631 4372 Deo,
650 4307 695 4377 qui
709 4307 810 4363 occulta
821 4305 956 4380 perspicit
980 4305 1021 4360 iili
1037 4305 1134 4377 quippe
1147 4311 1230 4358 tratea
