2706 5160
194 309 269 383 638
485 313 720 384 NICEPHORI
743 297 992 382 Gnauoltnn

33 491 61 539 t
73 487 105 537 M·
118 481 229 548 6850δέ
241 482 293 548 καὶ
307 475 433 564 ἀδήλοις
448 477 601 546 dictand
618 477 693 544 κατ’
712 475 808 544 adria
821 475 997 560 ἐπιτρίψας.
1026 471 1121 550 πολάς
1134 472 1194 560 γάρ
1212 469 1295 560 αάτῷ

66 558 392 682 μλᾈὲῃπανταχόθεν
413 579 566 670 ἐπήρτητο
588 588 645 648 τοῦ
667 577 887 667 συρφετώδους
916 577 1008 664 ὄχλου
1036 579 1088 643 xci
1110 575 1297 662 ἀγροικικοῦ,

193 685 301 774 λάθρα
314 689 365 752 καί
386 691 536 773 λαμπρῶς
549 685 766 768 ἐπιτιθεμένων
780 682 915 749 άλλοθεν
930 681 1044 763 ἀλλων,
1071 679 1152 746 κατὰ
1169 675 1300 762 διαστή-

194 787 281 874 ματά
295 815 327 855 τε
342 791 392 854 aral
407 785 592 872 συστήματα
599 835 611 868 ,
637 787 689 852 irai
702 786 760 871 τὴν
775 785 922 874 οάραγίαν
938 779 1174 872 ἀκρωτηριάζειν
1186 807 1298 868 πειρω-

194 893 295 977 μίνων
307 893 358 958 sol
372 896 436 957 τῶν
448 887 647 978 σκευοφόρων
659 887 725 958 ἐνια
740 887 924 977 διαρπάζων.
942 887 992 954 ,τά
1008 893 1138 953 πλεῖστα
1147 883 1208 972 γάρ
1223 891 1325 959 roi-5

88 1069 89 1073 ,
194 1001 277 1079 μώσι
293 990 418 1084 (φάναι)
434 994 547 1079 γίνεται
563 992 664 1074 decad,

169 1149 172 1156 ⁴
391 1093 488 1162 Ὅταν
501 1094 547 1162 δι’
564 1097 682 1182 ἐχθρᾶς
695 1093 773 1171 noda
787 1093 950 1178 ἀμείβηται
961 1088 1090 1178 χθονός.

171 1215 194 1272 Β
274 1195 342 1289 (ς’.)
363 1197 458 1266 ’Ati-d
476 1200 548 1287 πρίν
563 1195 681 1286 ἦμίρας
701 1195 776 1282 ὅλης
796 1193 869 1263 ἀδδν
886 1193 1017 1277 ἀνάσαι,
1044 1192 1180 1274 σπεάσοις
1200 1191 1303 1262 ὃΛι-

197 1301 301 1386 βίριος
316 1298 489 1388 ἀπήντησεν
505 1300 590 1391 αάτῷ
605 1300 692 1388 παρά
704 1300 760 1385 τὴν
776 1297 866 1381 riddo,
894 1302 946 1366 καί
956 1302 1036 1386 χειρί
1057 1301 1108 1365 καὶ
1123 1296 1231 1385 γνώμῃ
1249 1303 1303 1364 καί

197 1401 284 1493 πόση
302 1383 449 1492 π’ροδίσει
471 1400 694 1489 δεξιωσάμενος
714 1409 770 1490 τῆς
791 1409 896 1487 ψυχῆς
903 1451 914 1484 ,
950 1405 1002 1470 καί
1022 1401 1075 1490 ἐφ’
1098 1399 1227 1488 ἦμίριιις
1242 1417 1325 1470 cao-l

194 1518 284 1592 χναῖς
298 1510 418 1587 ξενίσας
423 1557 435 1599 3
469 1507 623 1574 ἀνέπαυσί
646 1533 679 1573 τε
705 1509 757 1573 καί
783 1497 886 1592 λόγοις
907 1505 1060 1594 ἀνίρλρωσε
1074 1505 1303 1592 φιλανδρωποα

196 1609 307 1696 τόροις,
333 1611 473 1694 ἀθυμίας
486 1617 609 1698 μακράς
621 1611 783 1696 ἐμβριδίσι
797 1609 920 1698 ῥοθίοις
932 1605 1206 1696 περιαντλοάμενον
1220 1606 1304 1694 φρό-

166 1769 170 1778 .
198 1739 293 1798 νημα.
320 1712 338 1780 ό
357 1713 465 1801 γεμὴν
482 1713 629 1797 βασιλεὺς
645 1714 699 1780 τδν
712 1709 820 1780 ἐνόντα
833 1715 885 1778 καί
901 1711 995 1788 αάτδς
1012 1709 1303 1800 ἀντιφιλοτιμούμε-

197 1841 251 1893 νος
266 1814 384 1903 τρόπον
409 1814 552 1902 ἦμείβετό
574 1841 607 1883 τε
632 1819 683 1882 καί
714 1816 937 1901 δαψιλέστερον
963 1817 995 1892 ἐξ
1015 1806 1058 1881 rba
1078 1814 1244 1904 ἐπεφέρετο
1254 1820 1302 1879 λι-

165 1917 400 2004 Οδοιιολλήτων
422 1925 538 1985 σκευῶν
557 1917 643 2008 αὐτῷ
668 1920 720 1983 καλ
743 1916 975 2004 ἀργυρωμάτων
995 1917 1222 2006 ἀπεχαρίζετο,
1236 1920 1325 1986 ‘uait

101 2019 267 2104 nasama
281 2022 336 2088 τόν
351 2021 420 2088 υἱόα
431 2021 590 2110 momoria
604 2021 800 2106 ἐπηγγέλλετο
814 2018 924 2088 δώσειν
938 2021 986 2085 ἐπί
999 2024 1133 2106 θυγατρὶ
1146 2021 1302 2107 γαμβρὸν,

199 2120 343 2190 εἰπόντα
363 2121 531 2209 βοηθήσειε
547 2120 663 2210 τρόπον
673 2123 763 2214 ,αὐτῷ
787 2126 839 2189 καί
858 2123 898 2190 τδ
915 2124 994 2210 πρὸς
1011 2123 1066 2189 τδν
1079 2121 1210 2210 Κράλην
1223 2130 1303 2211 Σερ-

197 2228 271 2316 βίας
297 2225 391 2294 εὔοδα
413 2229 526 2312 detq„
539 2227 725 2312 διαλλακτὴς
749 2225 844 2304 αάτάς
867 2224 1033 2304 καταστάς.
1067 2223 1084 2292 ὅ
1107 2229 1141 2293 δέ
1161 2223 1304 2312 παρόντα

197 2326 355 2412 δαιόμενος
371 2329 431 2416 ἤδη
449 2333 501 2396 καί
522 2327 576 2396 τόν
598 2336 655 2395 τοῦ
670 2329 822 2411 βασιλέως
835 2329 921 2412 υἱόν,
945 2332 1000 2395 παλ
1015 2336 1072 2414 τῆς
1095 2355 1127 2396 τε
1143 2328 1304 2396 ἐπανθιό-

197 2425 257 2517 ‘cqc
270 2438 314 2523 rq'i
335 2433 407 2517 ἤθει
421 2428 551 2521 χάριτός
571 2457 604 2498 τε
619 2435 671 2498 καί
693 2430 889 2520 ἀστειότητος
914 2435 966 2499 acl
986 2431 1053 2515 ἅμα
1073 2438 1130 2518 τῆς
1144 2433 1325 2519 ἀγχινοίαςλ

171 2533 393 2619 Βθαυμάζων,
422 2533 471 2601 ὅτι
493 2541 599 2625 πολλῷ
616 2559 675 2601 τινι
693 2535 798 2626 μίτρην
815 2533 932 2621 ταύτην
953 2532 1120 2621 ἐπλούτησε
1133 2538 1304 2622 πρεσβυτί-

197 2664 257 2724 ραν
277 2636 298 2724 ἢ
317 2638 398 2705 sord
419 2637 477 2724 την
497 2644 555 2723 τῆς
575 2634 694 2722 ἡλικίας
718 2637 819 2723 ἀκμὴν
825 2687 836 2719 ,
872 2637 997 2727 σφόδρα
1022 2664 1055 2705 τε
1076 2635 1241 2726 ὑπερήσθη
1258 2646 1304 2730 τῷ

199 2737 281 2831 λόγῳ
306 2744 357 2807 καί
385 2739 472 2824 μάλα
493 2767 543 2808 τοι
574 2740 707 2824 ἀσμενος
733 2738 896 2826 άπεδίχετά
923 2743 1027 2808 τεκαὶ
1050 2741 1303 2829 ἀντεπηγγέλλετο

198 2840 302 2911 πάντα
325 2844 406 2911 πάνυ
429 2842 604 2934 προθώμως
621 2842 769 2932 πράσσειν
791 2843 831 2912 τά
854 2845 934 2911 κατὰ
957 2841 1096 2931 γνώμην,
1125 2848 1176 2910 καὶ
1197 2848 1224 2911 εί
1239 2846 1302 2912 δίοι

195 3001 252 3063 Deo
267 3011 350 3064 autem
370 3013 397 3063 et
414 3007 471 3079 spei
489 3007 606 3063 incertae
621 3025 683 3062 suas
701 3017 745 3063 res
764 3007 931 3064 committeus.
965 3009 1085 3062 instabat
1100 3007 1166 3064 enim
1181 3007 1219 3061 illi
1235 3011 1303 3062 omui

196 3093 228 3129 ex
243 3087 319 3148 parte
339 3080 460 3150 frequens
477 3079 565 3132 vilium
579 3084 608 3132 st
619 3079 807 3132 msticanorum
822 3079 947 3132 bominum
968 3079 1107 3143 colluvies,
1129 3079 1174 3148 qui
1194 3079 1259 3132 clam
1276 3089 1303 3132 et

196 3154 300 3215 aperte,
318 3148 378 3200 binc
396 3155 475 3216 atque
492 3147 580 3212 illinc,
597 3147 706 3218 sparsim
720 3157 748 3201 et
761 3149 895 3201 confertim
910 3148 1108 3210 adoriebantur,
1124 3156 1152 3200 et
1164 3153 1302 3200 extremam

134 3239 135 3242 ¹
197 3215 276 3267 aciem
296 3216 405 3268 caedere
423 3233 455 3268 ac
474 3216 589 3268 sarcinas
611 3216 711 3286 aliquas
732 3215 848 3286 diripere
876 3218 1042 3270 conabantur.
1087 3216 1189 3272 Etenim
1210 3217 1303 3286 gravia

196 3283 275 3336 multa
291 3283 334 3352 (ut
349 3283 391 3338 bia
408 3284 496 3338 verbio
511 3286 583 3353 utar)
601 3283 754 3338 audentibus
772 3291 918 3350 occurrunt,

457 3351 559 3405 Hostile
576 3353 599 3406 si
617 3354 674 3423 quis
690 3355 718 3406 in
736 3355 816 3407 solum
833 3355 929 3408 inferat
945 3353 1044 3424 pedem.

194 3417 273 3488 (vl.)
295 3417 350 3472 sed
368 3419 513 3492 priusquam
534 3420 587 3474 diei
606 3423 680 3475 nnius
698 3422 750 3476 iter
766 3432 837 3476 esset
853 3424 1011 3486 conlectum,
1033 3422 1160 3476 testinans
1181 3423 1303 3477 Liberius

194 3487 296 3541 obviam
312 3487 350 3541 illi
366 3489 453 3555 venit,
470 3506 596 3560 manuque
613 3500 640 3544 et
658 3490 791 3560 voluntate
808 3500 837 3545 et
854 3493 921 3544 omni
936 3492 1021 3546 cordis
1039 3493 1136 3546 allecta
1155 3493 1301 3557 salutatum,

194 3575 226 3610 ac
242 3557 334 3610 diebus
352 3557 453 3627 aliquot
468 3559 596 3612 continuis
610 3560 722 3642 hospitio
737 3569 888 3630 exceptum,
905 3562 1048 3626 recreavit,
1065 3567 1093 3614 et
1106 3561 1194 3614 verbis
1213 3563 1303 3614 buma-

194 3626 310 3680 nioribus
324 3627 434 3680 animum
447 3628 505 3682 aius
518 3629 694 3693 confirmavit,
710 3629 824 3698 ingentis
838 3628 1027 3700 desperationis
1040 3629 1199 3700 gravissimis
1214 3631 1303 3684 flucti-

194 3697 243 3748 bus
257 3711 416 3764 oppressum.
450 3700 487 3750 nt
497 3697 636 3766 imperator
650 3715 673 3750 su
728 3698 842 3752 ilicentia
855 3708 882 3752 et
896 3701 953 3769 ipse
969 3717 1026 3752 cum
1040 3708 1204 3762 cocertuns,
1221 3699 1303 3752 itaut

196 3772 314 3838 poterat,
333 3764 451 3834 perpuri
466 3767 611 3830 referebat,
637 3716 861 3836 scudsngemmato
878 3768 923 3821 illa
941 3773 1117 3838 argenteaque
1138 3768 1302 3838 supellectili,

195 3851 272 3902 quam
290 3850 375 3886 secum
394 3835 531 3904 gestabat,
555 3835 652 3904 largius
674 3838 896 3890 remunerabatur.
931 3837 1002 3900 Quin
1017 3845 1044 3890 et
1062 3837 1141 3890 filium
1155 3854 1228 3890 suum
1243 3838 1303 3890 llla-

195 3902 294 3955 nuelem
313 3903 431 3956 daturum
450 3921 478 3956 se
490 3903 530 3955 illi
544 3920 665 3972 generum
679 3905 809 3975 pollicitus
822 3913 877 3969 eat,
894 3905 982 3958 nisibi
997 3906 1064 3959 omni
1079 3907 1153 3959 modo
1167 3923 1302 3960 succurra-

152 4031 156 4048 Ι
195 3977 251 4034 ret,
269 3977 296 4024 et
308 3971 404 4024 aditum
418 3971 449 4024 ad
462 3971 564 4024 Cralam
578 3973 688 4028 Sassiae
703 3975 829 4042 aperiret,
848 3991 878 4028 ac
893 3975 1093 4028 reconciliatoris
1109 3973 1195 4028 officio
1208 3977 1301 4044 lunge-

194 4047 274 4092 retnr.
310 4041 363 4094 Hic
374 4057 437 4094 vero
450 4049 610 4110 praesentem
624 4042 675 4095 iam
692 4043 795 4097 intuens
810 4043 973 4114 imperatoris
987 4043 1083 4108 lilium,
1100 4045 1261 4112 gratiamque
1275 4051 1302 4095 et

194 4109 381 4173 urbanitatem,
398 4126 465 4180 quae
478 4111 505 4162 in
517 4110 586 4162 illius
599 4111 710 4165 moribus
724 4113 857 4176 elucebat,
874 4129 905 4166 sc
918 4113 1047 4166 solertiam
1063 4113 1138 4166 simul
1152 4113 1301 4174 admiratus,

193 4191 244 4244 qua
258 4177 302 4231 ille
318 4179 433 4234 aemiliori
470 4195 528 4232 uam
546 4197 594 4248 pro
611 4180 654 4233 illo
671 4182 765 4234 aetatis
784 4179 849 4232 llore
867 4181 1062 4235 cumulatissime
1080 4183 1221 4235 instructus
1236 4191 1300 4243 erat,

192 4239 282 4299 id'sibi
299 4249 413 4317 promitti
428 4197 593 4306 vdbementer
604 4249 708 4330 gavisus
723 4257 772 4310 est,
784 4267 815 4301 ac
829 4249 1157 4316 lubentissimeuconaenslt,
1174 4250 1299 4302 vicissim-

192 4329 246 4384 que
256 4333 299 4378 so,
317 4317 546 4390 quaecumque-ille
560 4318 732 4386 desideraret,
753 4337 849 4375 suorum
865 4319 941 4375 anian
958 4319 1231 4377 analemmatorum
1244 4317 1299 4391 pol-
