2760 5176
385 77 388 84 ’
473 107 829 182 mnorsmonss.
1041 87 1044 92 “
1125 105 1224 180 ιιισ

161 261 239 344 Pop.
262 264 342 343 474,
367 269 416 332 13.
463 263 631 349 Τριάκοντα
644 262 773 345 puniti]
797 266 880 327 Obiit
899 265 1027 346 proinde
1044 267 1222 334 Theodorus

69 347 240 410 Metocirita
257 351 337 436 XIY.
353 351 455 412 Martii
471 373 549 412 utino
565 351 797 412 MCCCXXXII.
839 372 972 416 onemo-

77 469 78 474 *
160 449 336 533 Pag.475,
360 461 389 524 1.
429 447 514 534 Ἐμοί
539 451 572 516 di
598 444 809 535 οἶνιαρίνιες]
832 451 925 515 Abest
947 453 1021 514 haec
1043 453 1221 520 Monodise

67 534 187 596 ¹Codice
205 537 299 616 Regio
320 539 414 606 2558.
434 549 470 598 ut
492 549 524 600 et
539 539 681 599 Monodia
703 539 735 596 in
756 539 872 599 obitum
894 539 1060 600 Andronici
1080 543 1219 606 senioris.

68 621 232 680 Lectiones
254 623 421 700 evulgatis
444 624 578 684 diversas
599 624 807 704 suppeditavit
828 623 932 684 Codex
958 615 1164 706 Colbertitius,
1187 628 1220 688 in

69 724 135 783 quo
146 705 228 766 hene
242 707 281 768 de
298 707 451 769 Theodori
465 707 645 770 Metochitee
660 709 746 769 obitu
762 709 1014 787 lamentationem,
1040 732 1110 774 omn
1126 713 1219 772 variis

66 792 275 850 recentiorum
294 794 479 866 Graecorum
495 795 649 874 opusculis
664 794 870 868 coniunctam,
893 795 1070 876 reperimus.
1114 798 1219 858 Caete-

66 895 139 934 rum
163 876 313 954 Gregorss
335 899 394 938 uon
417 879 558 940 Monodis
577 880 694 955 solum,
716 877 770 938 sed
793 890 825 940 et
840 878 1002 960 Epitaphio
1025 880 1217 942 Metochitsm
1332 941 1336 956 „

67 970 225 1020 mortuum
238 975 416 1040 prosecutus
431 973 486 1026 est.
527 964 575 1026 En
589 963 786 1045 epigramma,
808 965 898 1045 quele
915 966 1049 1028 occurrit
1061 968 1146 1028 initio
1162 969 1219 1028 Co-

67 1045 150 1106 dicis
166 1046 250 1124 Regii
270 1049 365 1114 2541.

126 1184 206 1257 Tot
230 1187 269 1258 Γ
265 1186 402 1283 ρηγορᾶ
427 1181 658 1283 ἐπίγραμμα,
684 1185 743 1260 ἐπὶ
768 1185 823 1282 τῷ
843 1179 950 1284 suippe
972 1189 1042 1261 τοῦ
1055 1182 1216 1282 perdice

523 1306 754 1397 Λογοθίτου.

191 1432 247 1512 Ὃς
268 1433 367 1521 πάρος
388 1437 421 1501 ἐν
441 1439 534 1524 σοφίῃ
557 1436 632 1521 μέγα
652 1439 747 1512 κῦδος
768 1438 822 1519 ἔην
842 1461 875 1522 γε
896 1443 1030 1520 θνητῶν,

230 1520 332 1598 Βοιὰς
353 1523 411 1586 οίδί
432 1528 507 1597 λᾶος
527 1527 584 1586 τοῦ
603 1545 637 1605 γε
658 1521 785 1587 κέκευθε
806 1521 906 1587 visust

199 1612 307 1684 Δῆμος
329 1613 446 1672 oscedo
468 1601 628 1670 Μουσάων
649 1602 811 1683 dissidium
831 1613 942 1672 πᾶσαι·

233 1691 342 1758 Ὤιετο
362 1698 463 1766 κεῖνος
483 1687 578 1777 οίνήρ·
602 1689 692 1756 dileto
712 1695 807 1774 σοφίη
827 1698 921 1757 πᾶσα.

66 1811 238 1891 Scripserat
265 1813 378 1892 credo,
407 1810 499 1875 ὤλετο
523 1813 693 1892 πονσοφίη.
735 1811 811 1872 Nom
833 1809 925 1876 diere
944 1811 1041 1892 σοφίη
1062 1813 1146 1875 πᾶσα
1170 1819 1215 1871 est

63 1897 159 1956 nimis
180 1897 378 1959 inconditum.
424 1897 545 1957 Caetera
553 1941 562 1972 ,
587 1917 758 1977 quenquam
775 1907 805 1957 et
821 1900 885 1977 ipse
908 1897 1029 1959 minime
1049 1896 1213 1973 modulato,
1262 1905 1266 1908 “

63 2003 129 2041 sion
145 1983 279 2062 corrigo;
301 2004 370 2043 cum
385 1983 477 2042 sciam
493 1982 573 2041 illius
588 1985 733 2062 temporis
748 1989 854 2062 poetes
863 1983 1026 2064 plerosque
1037 1983 1135 2061 legum
1149 2003 1215 2043 me·

63 2069 212 2127 tricenum
232 2069 351 2146 ignaros
373 2088 496 2147 prorsus
521 2069 627 2127 fuisse:
662 2068 711 2127 cui
732 2067 853 2146 quidem
876 2071 921 2130 rei
945 2078 1119 2147 argumento
1142 2079 1214 2129 sunt

63 2158 205 2232 poemate
227 2155 322 2234 ipsius
345 2152 541 2229 Metochitae‚
562 2153 622 2212 viri
646 2152 767 2232 quidem
792 2154 891 2229 docti,
921 2154 975 2214 sed
998 2153 1213 2212 versificatoris

58 2237 210 2318 pessimi,
241 2240 328 2300 cuius
350 2237 513 2320 sepulchro
537 2238 621 2299 nesse
642 2239 702 2298 suit
728 2237 841 2298 botrum
864 2237 1046 2319 epigramma
1074 2238 1209 2298 inscribi.

63 2343 184 2383 sotim.

156 2411 228 2488 Peg.
249 2406 329 2484 475,
351 2411 381 2472 8.
429 2403 513 2488 Πρός
535 2401 688 2488 α’βιίσσονς
710 2405 887 2488 receptivae]
920 2403 960 2471 Τὸ
980 2401 1138 2502 ιίβιίσσοινςΙ
1155 2405 1213 2465 ad-

62 2491 175 2554 iective
192 2503 372 2572 usurpatum
385 2493 515 2552 videtur.
557 2511 703 2551 wonrrus.

57 2627 60 2634 .
155 2580 229 2658 Peg.
252 2577 331 2651 482,
356 2584 384 2642 1.
430 2575 544 2657 Θέρονς
558 2573 833 2655 δὲέπιγινομὲνοο]
857 2575 1082 2635 Cantecuzenue
1097 2573 1211 2638 tinttt.

64 2683 134 2742 cup.
153 2662 191 2722 H.
209 2661 313 2720 scribit
326 2662 475 2737 loannem,
498 2671 669 2740 cumpater
685 2660 762 2718 obiit
780 2661 842 2740 (en.
859 2661 973 2720 scilicet
992 2656 1212 2740 tinemut)

64 2748 146 2808 iunii
160 2743 272 2829 XXV.)
293 2767 458 2806 novennem
480 2745 580 2808 fuisse.
614 2744 742 2805 Proinde
757 2756 846 2806 nutus
860 2766 939 2806 anno
951 2743 1225 2804 MCCCXXXVIL

64 2833 215 2893 Laouicus
227 2832 417 2906 duodennem
431 2830 524 2892 fuisse
539 2829 591 2889 eit.
627 2849 757 2890 nucero.

153 2939 226 3016 Peg·
246 2939 324 3010 482,
348 2941 397 3000 11.
431 2925 654 3011 demissiores]
676 2931 804 2992 Videtur
818 2929 1042 3008 legendumnni
1056 2923 1211 3012 τζοιίστροι.

55 3021 113 3090 ,De
127 3017 186 3078 bac
200 3030 327 3098 utreque
348 3018 430 3098 apud
442 3017 565 3077 Latinos
580 3016 707 3075 usitatae
730 3015 916 3075 decursionis
937 3035 973 3073 ec
989 3014 1213 3076 monomachias
1311 3041 1313 3047 ⁴

61 3104 202 3164 ludicrae
218 3107 317 3184 specie
332 3103 556 3164 dissertationes
573 3101 648 3160 dues
661 3100 807 3160 edidimus
822 3100 862 3159 sd
876 3101 1033 3160 Ioinvillse
1045 3099 1212 3176 historiam,

61 3191 115 3251 vl.
132 3188 193 3253 VH.
211 3191 265 3250 ubi
282 3192 433 3268 Gregoree
445 3198 476 3248 et
492 3195 679 3247 coeterorum
696 3187 880 3267 scriptorum
892 3187 1077 3246 Graecorum
1091 3205 1126 3246 eo
1141 3206 1213 3265 spe-

62 3283 181 3336 ctantes
199 3275 284 3335 locos
298 3275 399 3336 multis
416 3272 628 3353 expendimus,
649 3271 779 3331 maxime
792 3289 862 3348 pag.
881 3275 951 3338 168.
974 3291 1106 3332 nucsuo.
1149 3269 1212 3332 rtet

61 3352 229 3439 ντζούσιροι
244 3358 327 3444 παρὰ
341 3359 490 3432 Λατίνοις
503 3355 655 3436 καλεῖται]
677 3357 723 3416 Ite
740 3355 813 3415 Cod.
830 3356 950 3432 Regius.
982 3357 1021 3415 tt
1035 3357 1066 3416 in
1086 3353 1210 3414 Wolfio-

61 3467 103 3506 nn
122 3445 253 3506 editione
271 3446 430 3524 legebatur
444 3436 658 3524 Κιντζοιίστρο,
681 3462 756 3517 vox,
779 3450 816 3500 ut
831 3440 906 3500 mihi
920 3440 1051 3516 videtur,
1074 3441 1155 3499 secta
1174 3458 1213 3499 ex
1236 3495 1237 3498 ,

64 3530 184 3608 Gallico
211 3532 264 3614 qui
285 3525 442 3614 joussero?
484 3527 563 3589 Vide
591 3535 623 3588 et
645 3533 732 3586 notae
753 3527 899 3606 Ducsngii
923 3525 1069 3587 adhunc
1096 3526 1209 3584 locum.

61 3635 182 3677 colvm.

9 3751 13 3758 ,
153 3704 223 3780 Pssg·
245 3703 325 3776 483,
343 3703 373 3765 3.
420 3695 526 3782 Τίρνε]
549 3696 706 3777 Expressit
721 3695 871 3758 Gallicum
890 3694 1032 3756 Tournoi.
1077 3712 1210 3754 nuosso.

59 3784 96 3848 ‘0
112 3776 145 3847 d'
161 3785 259 3866 ἕτερος
280 3790 342 3846 τῶν
365 3778 493 3866 οίγοίνοιν
513 3778 679 3864 Τορνεμέν]
709 3782 754 3840 Ita
776 3779 856 3840 idem
880 3779 984 3838 Codex
1000 3777 1128 3856 Regius,
1151 3797 1212 3836 nou

65 3863 161 3948 Τὸρνε
177 3867 247 3946 μὲν,
269 3879 303 3929 ut
318 3869 436 3947 legebat
450 3867 585 3928 Woifius.
628 3867 719 3926 Facta
743 3866 831 3925 etiam
853 3863 930 3924 baec
951 3884 1013 3922 vox
1037 3883 1074 3922 ex
1093 3862 1211 3920 Gallico

60 3953 215 4015 vocabulo
229 3958 410 4031 Totumne,
432 3954 480 4014 vel
492 3951 727 4027 Τοιινιιοίιοιειιν,
749 3951 830 4029 quod
848 3961 878 4010 et
895 3949 1073 4010 Tomeemen
1092 3957 1122 4008 et
1136 3947 1212 4006 Tor-

98 4103 129 4173 ·)
146 4103 223 4162 {mmo
241 4104 411 4162 necersi.
431 4104 500 4158 nure
518 4101 576 4158 ιν.
594 4105 623 4156 et
639 4107 719 4156 mcc
736 4083 804 4156 ί...
823 4061 1030 4156 necerim.
1066 4109 1166 4151 servm.
