2724 5168
266 733 501 806 ruscorum
521 734 799 805 umunuuouu
819 737 907 806 xlv.
924 745 956 809 s.
1078 731 1154 802 oco
1202 693 1212 712 ’

68 979 71 986 .
94 904 177 982 κλητιιν
193 900 237 964 καί
253 894 381 984 βουλήν.
426 895 496 991 (Β.)
522 901 662 974 Πολλοῖς
684 900 787 965 τοίνυν
810 899 866 968 τόν
879 897 1079 986 ’πατριάρχην
1099 910 1190 967 osv-l·
1207 901 1317 964 01344

95 999 223 1083 κλούμενον
239 1002 317 1067 υῖίσι
343 1003 394 1067 καῖ
409 1004 571 1085 κηδεσταῖς
596 1004 646 1067 καί
669 1000 847 1088 άπυχόνοις,
876 1006 927 1068 καί
951 1002 1063 1089 πλήθει
1077 978 1316 1098 uvy-Imfjeffig*

92 1106 176 1188 μνείας
185 1108 395 1189 παντοδαπῆς,
424 1113 526 1187 τιμαῖς
541 1102 650 1179 δίλλαις
670 1101 784 1180 άλλους
799 1109 996 1193 μετεωρίσας,
1025 1110 1075 1172 καλ
1088 1134 1154 1190 χω-

93 1208 147 1290 ρίον
162 1204 317 1273 ἐπιδόσεσιν
341 1206 474 1293 εὔπορον
502 1205 701 1291 καταστήσας
733 1207 789 1274 τδν
817 1210 887 1291 βίον
909 1208 1033 1288 αύτοῖς,
1068 1211 1155 1287 ξίνας

75 1306 281 1377 simulanda
303 1306 620 1406 τιμῶνπαρενθήκας
640 1316 681 1396 τῇ
699 1318 904 1398 πατριαρχικῇ
927 1312 972 1376 δι’
991 1311 1087 1378 αύτδν
1100 1339 1155 1378 πε-

94 1417 176 1497 ριωπῇ.
199 1414 228 1478 οῖ
240 1414 275 1478 δέ
281 1407 370 1498 ἦσαν
375 1461 386 1494 ,
413 1408 491 1497 μήτ’
507 1413 540 1478 ἐκ
555 1409 761 1499 ύποχραφαῖς,
787 1413 866 1498 μήτ’
883 1417 916 1479 ἐν
929 1413 1089 1506 καλύπτρην
1103 1428 1182 1482 see-u

94 1519 170 1598 ηαλης
189 1517 314 1582 ἕπεσθαι
341 1524 407 1592 τοῖς
429 1520 573 1591 παλαιοῖς
599 1516 759 1598 ἐθισμοῖς,
785 1514 872 1601 μήθ’
897 1515 1074 1601 ύποδήμασι
1090 1529 1157 1596 τοῖς

94 1612 180 1697 δμοίως
199 1618 238 1683 ἐτι
259 1624 450 1706 κεχρῆσθαι,
480 1617 553 1683 ἄλλ’
575 1619 722 1705 ἐρυθροῖς
743 1621 800 1704 μέν
817 1619 939 1697 αὐτοῖς·
966 1628 1110 1705 Σηρικοῖς
1123 1623 1158 1690 δέ

89 1721 127 1781 καῖ
136 1731 245 1804 χρυσοῖς
258 1722 315 1807 τὴν
336 1719 515 1807 καλύπτραν
530 1717 694 1808 ύφάσμασι
706 1730 935 1808 κεκοσμῆσθαι·
958 1723 1100 1810 χρώματι
1117 1728 1137 1792 δ
1144 1724 1154 1751 ’

57 1813 120 1887 roal
135 1818 282 1915 ύακινθίνιρ
305 1824 362 1901 τάς
383 1814 445 1890 τῶν
465 1825 634 1890 ἐπιστολῶν
659 1827 710 1890 καῖ
730 1812 945 1912 ψηφισμάτων
963 1826 1157 1914 ἐγχαράττειν

88 1922 264 2008 ἐπισημασίας.
309 1925 379 2016 (Β.)
405 1929 470 1993 Καὶ
485 1927 520 1992 τδ
538 1925 661 2013 εύλυγον
680 1933 737 2014 τῆς
757 1931 858 2005 αἰτίας
872 1931 1103 2017 προσεπιφίρων
1116 1937 1156 2019 τῇ

86 2034 229 2120 καινοτομίρ
247 2032 298 2094 καλ
314 2027 558 2117 προθεραπεύων
572 2029 704 2116 ἔφασκεν
718 2027 761 2108 ὥς
773 2029 893 2111 ,,πάλαι
908 2034 999 2116 ἐχρῆν
1020 2038 1185 2119 ascopa-0

88 2133 145 2192 σθαι
163 2137 239 2198 τουτὶ
253 2133 290 2198 τό
312 2134 464 2214 δικαίωμα
481 2138 520 2221 τῇ
535 2139 592 2216 τῆς
605 2131 831 2224 βασιλευούσης
843 2141 905 2199 τῶν
917 2133 1035 2200 πόλεων
1049 2136 1157 2220 ἐκκλη-

87 2230 140 2320 alp,
160 2234 206 2301 λ’τε
221 2242 331 2301 πασῶν
345 2232 458 2302 ὁπόσαι
475 2232 534 2323 ὑφ’
548 2235 635 2320 ἥλιον
651 2233 755 2314 πόλεις
765 2239 841 2303 είσλν
853 2233 1061 2323 ὑπερεχούσης
1077 2235 1157 2304 κατά

55 2344 81 2398 15
88 2355 112 2395 τε
121 2336 231 2420 μίμθος
246 2341 296 2403 καῖ
310 2340 465 2414 πολιτιιάς
480 2338 637 2426 εύχίνειαν.
665 2341 716 2405 καί
730 2335 808 2425 πρός
822 2366 854 2425 γε
869 2337 913 2406 ’ἐτι
930 2343 1158 2431 Κωνσταντίνῳ

85 2441 118 2521 τῷ
128 2440 234 2532 μεγάλῳ
249 2448 377 2524 βασιλεῖ
385 2445 548 2525 τειχίσαντι
563 2439 690 2537 ταύτην,
718 2443 821 2537 καλτδ
836 2439 1022 2528 τῆςῬιόμης
1036 2442 1158 2527 ἀξίωμα

83 2540 140 2614 μετά
159 2552 211 2629 τῆς
232 2547 392 2627 βασιλείας
414 2545 568 2611 ἐνταυθοῖ
584 2543 813 2630 μετενηνοχότι,
847 2548 900 2611 καλ
925 2544 997 2636 ίῖτῇ
1013 2549 1157 2638 ἐκκλησίᾳ

83 2644 201 2730 παρίσχεν
216 2649 279 2712 ἐκεῖ
289 2644 462 2733 προκόμια,
494 2645 747 2733 συνηκολούθησε
761 2650 813 2713 καί
829 2656 930 2715 ταῦτα
956 2652 1008 2714 καλ
1026 2652 1186 2737 μετηνέ-Ι)

79 2749 127 2830 χθη
140 2751 212 2837 πρός
232 2748 348 2835 ταύτην
372 2747 415 2826 ὡς
429 2750 465 2816 νδ
487 2748 577 2843 είκός.
605 2753 631 2818 εἰ
654 2753 688 2818 δὲ
709 2762 773 2828 τοῖς
789 2753 904 2818 ἐκεῖθεν
921 2749 1069 2837 ἠμέληται
1087 2754 1155 2818 ἐπι-

53 2847 180 2929 oretanae
203 2857 254 2918 καί
272 2851 429 2937 διαδόχοις
449 2850 563 2920 ἐνθάδε
585 2860 650 2920 τῶν
670 2852 815 2941 θρόνων,
851 2856 885 2920 τί
903 2855 980 2942 πρὸς
994 2854 1066 2931 ἐντος
1081 2853 1155 2941 ἡμῖν

76 2949 203 3043 τήμερονς
217 3008 219 3024 ,
231 2955 268 3021 οὗ
287 2955 347 3044 γάρ
370 2953 466 3040 νόμον
490 2966 557 3033 τοῖς
570 2954 727 3042 ὀψιγόνοις
748 2954 824 3023 εἶναι
837 2956 956 3044 χρεὼν,
985 2956 1006 3022 ἃ
1021 2970 1087 3035 τοῖς
1101 2983 1156 3043 γο-

74 3064 153 3125 ιεῖσιν
178 3062 214 3125 ἐκ
243 3062 433 3146 περιπετείας
457 3059 540 3137 τινός
570 3060 842 3145 πεπλημμθηται,
880 3059 961 3125 ἀλλὰ
985 3059 1252 3146 διόρθωσινθιθὸλ

69 3167 172 3238 μᾶλλον
189 3173 257 3239 τοῖς
278 3161 344 3228 άνω
366 3165 508 3248 γίνεσθαι
535 3159 692 3241 κάτωθεν,
727 3161 830 3250 ὥσπερ
852 3158 1004 3251 ῥεύματος
1027 3162 1157 3248 άνατρί-

64 3287 161 3346 χοντυς
172 3264 230 3330 ἐπ’
255 3264 367 3358 άχαθῷ
387 3271 443 3332 τοῦ
460 3266 550 3348 βίον·
576 3266 688 3344 ἐξεῖναί
700 3291 733 3353 χε
746 3266 809 3352 μὴν
824 3269 876 3332 καλ
891 3263 937 3343 οἷς
951 3265 1029 3354 πρὸς
1040 3263 1158 3351 βουλή-

63 3429 232 3483 consistorium
247 3435 276 3482 et
291 3427 363 3482 ouria
375 3427 519 3483 constabat
553 3428 618 3498 (Π.)
637 3428 724 3492 Quum
743 3429 833 3500 itaque
850 3426 935 3482 multis
949 3427 1055 3492 liberis,
1073 3427 1159 3482 allini-

60 3495 115 3563 bas,
131 3517 164 3553 ue
183 3499 287 3564 otibus,
305 3508 333 3551 et
345 3515 481 3551 numerosa
494 3500 575 3551 omnis
589 3500 693 3567 generis
706 3499 859 3568 cognatione
875 3505 1035 3566 premeretur
1047 3497 1159 3567 undique

58 3570 165 3637 putriarc
207 3567 267 3631 ‚ad
285 3568 395 3620 bonores
414 3567 459 3620 alii
474 3567 539 3620 alios
553 3569 672 3637 provecti
691 3574 719 3620 et
737 3567 849 3638 praediis
863 3566 940 3620 ditati
956 3567 990 3619 ud
1004 3568 1159 3636 opulentiam

56 3647 234 3707 pervenerunt.
269 3637 333 3690 Μαι
348 3646 375 3688 et
390 3654 469 3689 σοντι
484 3646 593 3706 propter
612 3654 669 3690 eum
690 3637 794 3690 bonoria
814 3635 976 3691 accessiones
991 3636 1160 3704 excogitavit,

56 3708 143 3776 quibus
157 3705 341 3777 patriarchalis
354 3723 420 3775 apex
434 3706 610 3759 decoraretur.
648 3707 705 3758 lise
718 3715 801 3759 autera
820 3711 908 3758 eraut:
925 3721 975 3767 ue,
992 3715 1113 3774 quantum
1126 3706 1160 3759 ad

55 3776 258 3844 subscriptiones
269 3784 296 3827 et
309 3774 342 3826 ad
355 3775 449 3844 eapitis
462 3782 573 3842 tegmen,
590 3774 712 3827 maiorum
724 3775 869 3828 institutum
882 3774 1015 3838 retineret,
1033 3789 1100 3828 nave
1113 3774 1160 3826 iis-

55 3845 107 3899 dem
122 3846 218 3926 quibus
233 3852 309 3897 autea
324 3844 419 3896 calceis
431 3851 556 3908 uteretur,
575 3844 622 3896 aed
636 3851 665 3896 ut
680 3845 753 3897 rubri
766 3845 803 3897 illi
817 3843 920 3926 quidem
938 3849 1038 3907 essent;
1054 3843 1163 3897 infulam

55 3924 136 3968 autem
157 3917 250 3966 Serico
269 3930 398 3981 aureoque
416 3918 489 3966 textu
508 3913 618 3966 haberet
636 3923 766 3974 ornatam
789 3912 914 3982 apostoles
933 3930 996 3965 vero
1016 3918 1043 3964 et
1054 3912 1161 3965 decreta

55 3984 146 4066 eploris
161 3981 322 4052 hyacinthini
336 3982 431 4034 litteris
446 3981 639 4064 consignaret..
655 3982 731 4050 (ΙΙΙ.)
749 3982 799 4066 qu
814 3999 896 4034 novae
905 3981 948 4064 'rei’
961 3981 1104 4102 speciosam
1117 3998 1160 4033 rn-

55 4060 148 4105 tionem
160 4050 343 4119 praetendens,
361 4068 392 4103 uc
404 4050 475 4104 velut
493 4057 713 4120 praeparationem
726 4051 866 4113 adhibens,
885 4051 978 4103 doctrta
996 4057 1038 4114 at,
1062 4048 1161 4119 pridem

55 4120 80 4173 id
91 4122 158 4174 iuris
177 4119 286 4172 attribui
305 4120 425 4173 debuisse
445 4118 570 4190 principis
589 4121 660 4173 urbis
678 4121 817 4185 ecciesiae,
842 4126 934 4188 utpote
951 4135 1018 4187 quae
1035 4118 1160 4180 ominibus,
1266 4153 1271 4168 ι.

55 4198 178 4259 quotquot
199 4191 248 4240 sub
267 4187 321 4272 sole
343 4195 442 4271 esseut,
460 4188 569 4240 urbibus
586 4188 761 4272 magnitudine
774 4196 802 4242 et
813 4187 914 4308 imperii
931 4187 1067 4270 nobilitate
1087 4194 1162 4240 ante-

56 4259 168 4312 celleret.
192 4259 271 4320 „imo
284 4256 480 4320 aero,’'a1ebat‚
493 4256 620 4319 „fundata
636 4260 668 4311 ab
679 4265 836 4328 amparstore
867 4263 1012 4309 oustantsno
1019 4258 1115 4326 Magno
1129 4271 1162 4306 ea

55 4328 126 4390 urbe,
146 4327 331 4394 uenaletisque
347 4325 381 4378 ad
396 4344 451 4378 eam
464 4342 519 4378 cum
538 4325 645 4396 imperio
660 4327 741 4396 ipaius
753 4328 848 4379 Rornae
862 4326 1009 4386 bonoribus,
1026 4326 1103 4377 etiam
1121 4340 1163 4383 ea,

56 4397 257 4465 quaeRoruauae
270 4395 395 4448 ecclesiae
410 4404 583 4459 concesserat,
592 4397 730 4465 privilegia
738 4394 812 4448 eluul
825 4393 984 4447 transierunt
992 4393 1061 4446 btad
1074 4392 1159 4453 ictam,

56 4473 83 4517 at
95 4483 145 4534 par
159 4473 216 4528 est,
235 4464 359 4516 translata
376 4463 490 4519 luerunt.
526 4465 569 4517 Ea
584 4464 607 4516 ai
626 4467 660 4517 ab
678 4465 845 4534 sequentibus
864 4462 993 4533 episcopis
1014 4470 1040 4513 et
1055 4460 1159 4512 huiusce

57 4535 205 4603 pontificiae
223 4533 294 4585 sadis
312 4533 503 4585 successoribus
522 4533 640 4600 neglecta
657 4541 733 4598 aunt,
755 4532 818 4603 quid
834 4531 904 4584 istud
923 4533 956 4582 ad
974 4547 1020 4582 nos
1034 4529 1160 4582 hodierna

59 4603 122 4655 diei
155 4604 216 4656 Nec
229 4601 297 4654 euim
314 4608 418 4669 oportet
429 4601 495 4671 legis
508 4601 587 4655 instar
600 4602 718 4655 obtinere
732 4603 802 4671 apud
816 4606 943 4670 posteros,
960 4597 983 4651 si
1001 4598 1064 4667 quid
1077 4614 1092 4649 n
1107 4615 1161 4650 ma·

59 4669 153 4724 iuribus
169 4679 266 4728 mouere
285 4677 418 4739 peccatum
436 4670 530 4723 luerit:
548 4671 594 4723 sed
627 4671 695 4723 otius
713 4670 850 4738 superiora
867 4665 996 4721 emendari
1011 4683 1059 4736 per
1072 4674 1160 4736 poste-

60 4738 141 4805 riora,
158 4741 232 4809 quasi
246 4756 294 4809 per
311 4739 436 4808 quosdam
454 4739 540 4802 rivos,
556 4689 678 4810 publicae
691 4739 810 4794 utilitatis
825 4755 904 4794 causa
916 4738 951 4795 ad
963 4737 1062 4794 tonan
1073 4753 1166 4794 recur-

124 4825 287 4893 uaqsom
302 4827 409 4894 crem
436 4825 491 4881 να
510 4826 547 4880 ιι.
911 4817 957 4887 45
