2746 5220
470 125 830 196 annornrtonns.
1021 217 1025 226 ³
1131 115 1234 206 *1295

163 281 239 365 Peg.
263 285 344 360 905,
365 286 396 349 9.
439 278 618 366 Ἅρξᾰριενος
636 279 668 347 d'
694 280 819 346 ίίναθεν
853 280 983 370 διεξῄει,
1011 287 1078 357 mdc
1096 279 1231 370 διαβόλῳ

68 367 160 447 oto.]
185 369 268 428 Hane
283 370 488 432 Cantacuaeni
506 370 670 432 orationem
691 370 798 430 confer
811 389 883 430 enm
901 371 1058 451 prooemio
1074 369 1160 430 Tomi
1175 371 1231 431 Pa-

68 454 223 530 larnitici,
243 453 453 516 aCombeiisio
475 456 558 520 editi.
600 475 717 519 somn.

164 543 244 621 Peg.
265 543 344 617 905,
365 547 416 608 23.
436 540 578 624 Ἑτέραν]
600 538 812 621 Philosophiea
826 538 952 637 scilicet,
973 559 1035 602 non
1050 540 1229 621 dogmatica.

67 645 339 791 ”lulag-906,
363 716 392 776 1.
434 705 599 792 Ἑνείνοις]
631 711 783 790 Gregoraa
813 709 883 792 ipsi.
926 710 993 786 Qua
1017 709 1055 773 de
1079 732 1114 774 re
1136 731 1228 794 snpra

67 795 354 874 tib.11.csp.10.'
383 817 500 858 aorem.
989 883 994 892 x
1172 849 1174 852 .

163 900 242 978 Pog.
263 900 344 972 910,
368 903 419 964 19.
452 892 551 981 Ὅπερ
572 892 613 959 dn
632 896 666 961 ίν
686 893 788 980 Καρὸς
807 892 886 961 εἶναι
904 894 1029 983 ειαλιίαρ
1050 895 1163 983 μοίρᾳ]
1188 900 1229 960 De

66 982 253 1042 hominibus
271 983 535 1065 contemptissimis
556 981 617 1044 dici
632 982 720 1047 solet.
747 982 793 1045 ita
807 981 941 1044 Achillae
956 983 994 1046 de
1007 983 1229 1063 Agamemnone

68 1068 163 1150 apud
178 1068 357 1141 Homerum,

76 1281 79 1286 Ι
115 1180 234 1268 Ἐχθροί
255 1184 288 1248 di
309 1207 362 1265 μοι
382 1189 439 1252 ποῦ’
457 1188 559 1269 δείρα·
579 1186 635 1249 sto
656 1181 690 1249 di
708 1209 763 1267 ριν
783 1185 817 1250 ἓν
839 1183 944 1270 Καριίς
964 1185 1046 1275 αίσρ.
1067 1208 1185 1251 notvrrt.

165 1309 239 1386 Pag-
260 1308 341 1382 911,
363 1309 415 1372 15.
461 1299 575 1370 Φαίσιιει
591 1310 621 1368 Γ
615 1297 777 1388 ρηγίριος]
804 1307 930 1386 Gregor.
947 1307 1088 1370 Nazianz.
1105 1307 1190 1370 Orat.
1204 1310 1228 1372 Ι.

68 1410 194 1454 nosrta.

163 1472 242 1555 Pog.
264 1476 344 1550 915,
365 1473 396 1540 4.
443 1469 507 1553 Τὴν
525 1475 664 1556 Λεσβίαν
685 1470 868 1556 οἰκοδομήν,
896 1470 921 1557 ἢ
942 1481 1005 1552 τοῖς
1026 1478 1129 1552 λίθοις
1150 1475 1229 1558 etc.]

69 1561 127 1620 Sic
149 1561 183 1620 Ι).
199 1559 329 1620 Basilius
351 1560 390 1618 ad
413 1569 537 1638 nepotes
561 1582 629 1641 cap.
644 1561 694 1620 VI.
715 1556 793 1622 ιιαεαί
811 1554 868 1640 τὴν
887 1558 1033 1642 Διοριιιιίν
1052 1563 1227 1644 παροιμίαν,

69 1640 134 1726 Ιτείν
165 1645 257 1708 λίθον
286 1645 357 1707 nori
391 1640 450 1726 τήν
475 1641 610 1727 σπαίρεον
634 1642 772 1727 ἄγοντας.
822 1645 898 1706 Item
926 1645 1123 1723 Plutarchus,
1152 1643 1228 1726 πριίς

72 1726 202 1814 σεαῖθμρ
223 1729 334 1810 πέτρον
355 1730 515 1804 τίθεσθαι,
542 1725 613 1811 μήτι
635 1725 710 1812 πρίς
728 1729 827 1814 πίερρε
846 1726 997 1812 στάθμην.
1040 1735 1227 1809 Sensus'est,

71 1830 211 1897 oportere
223 1838 253 1874 ee
268 1811 385 1896 regulis,
407 1837 466 1876 ιιοιι
478 1813 597 1895 regulae
610 1813 669 1876 eidi
679 1812 856 1878 submittere.
899 1838 1017 1882 nomn.

35 1929 45 1936 ·
164 1896 240 1980 Peg.
263 1901 343 1974 915,
368 1904 416 1964 18.
456 1893 545 1982 Ἕροί,
574 1900 667 1982 φησί,
695 1894 753 1962 ἄπ’
772 1899 906 1980 ἐμαυτοῦ
927 1907 1009 1965 iatri
1026 1894 1135 1976 otidis,
1156 1891 1226 1962 titt

70 1978 132 2048 'too
148 1983 224 2062 eto]
254 1986 320 2058 Non
344 2005 378 2046 ea
400 1985 465 2064 ipsa
484 1996 559 2075 punt
581 1986 692 2062 verba,
721 2005 798 2066 quae
818 1985 959 2064 leguntur
980 1987 1061 2067 apud
1088 1986 1226 2046 ioannem

73 2090 146 2148 cap.
164 2069 244 2131 xlv.
260 2089 290 2129 v.
308 2074 358 2134 10.
383 2071 532 2148 Gregoras
554 2093 614 2132 oon
629 2071 689 2132 hoc
709 2071 779 2132 loco
803 2071 918 2145 solum,
940 2073 994 2134 sed
1017 2082 1048 2133 et
1068 2071 1141 2130 alibi
1153 2091 1232 2151 pns-¹

72 2154 153 2228 sim,
173 2155 333 2214 memoriae
347 2153 436 2214 nimia
454 2155 533 2218 fidit.
573 2177 688 2221 norvrn.

162 2241 240 2320 Pssg·
263 2244 343 2317 916,
369 2241 419 2306 14.
462 2241 509 2304 Et
519 2265 565 2316 τις
581 2243 657 2324 sinin
675 2233 891 2324 ειίαγγελίζεται
907 2247 985 2316 ete]
1007 2243 1045 2302 Et
1060 2241 1136 2300 baec
1150 2259 1225 2320 quo-

73 2344 139 2404 que
161 2325 331 2404 Gangorae,
350 2325 450 2385 fallaci
472 2332 634 2389 memoriae
657 2327 797 2394 confisus.
841 2329 916 2387 Nam
938 2328 1019 2406 apud
1042 2328 1164 2386 Paulum
1186 2325 1225 2384 ad

74 2410 177 2469 Galat.
194 2430 259 2490 cop.
275 2411 299 2471 1.
321 2431 409 2471 versu
426 2421 532 2473 octavo
546 2413 672 2494 legitur:
690 2405 781 2474 Ἀλλὰ
796 2413 850 2476 καί
866 2409 920 2476 ἐὰν
934 2411 1040 2492 ἡμεῖς,
1061 2407 1084 2492 ἢ
1101 2407 1225 2491 ἅγγελος

71 2495 107 2570 ἐξ
125 2489 260 2576 ον’ρανοῦ
274 2489 495 2580 εείαγγελίζηται
515 2496 604 2578 ιίμῑν,
626 2491 702 2580 παρ’
724 2493 741 2560 ὃ
760 2490 1018 2582 εὐηγγελισάμεθα
1032 2493 1126 2576 ιίμῑν,
1149 2489 1225 2556 οἶνό-

70 2588 159 2660 θεμα
174 2581 257 2644 ίσεα.
301 2581 399 2641 versu
418 2592 516 2643 autem
530 2603 629 2662 nono,
651 2584 738 2658 είεις
758 2579 840 2664 aipein
854 2577 1084 2666 ειίαγγελίζειαι,
1106 2573 1182 2663 παρ’
1205 2573 1225 2642 d

72 2661 277 2749 παρελάβετε,
299 2659 441 2746 οίνιίθεμα
457 2666 540 2730 ἔσται.
581 2689 695 2730 εοινειι.

160 2755 240 2832 Ρσρ.
261 2756 341 2827 918,
365 2751 416 2816 tt.
459 2753 635 2856 Γρηρορίρε]
657 2753 690 2814 ln
707 2752 853 2813 Encomio
869 2753 900 2814 S.
917 2749 1080 2811 Athanasii.
1109 2767 1223 2808 somn.

160 2833 235 2918 Pap.
258 2841 336 2911 919,
356 2841 386 2902 9.
430 2841 461 2900 Γ
456 2861 597 2922 ρηγοριος
617 2834 788 2916 ὁ-Δριμιίς]
817 2836 1016 2918 Pachymerea
1038 2835 1070 2896 in
1090 2833 1223 2894 Historia

72 2920 243 2984 Andronici
259 2921 309 2982 lib.
326 2921 390 2982 VII.
405 2941 471 3002 cap.
488 2927 538 2989 15.
559 2934 662 2984 narrat
680 2920 848 3003 quendem,
869 2929 1068 3000 cognomento
1084 2919 1221 2998 Drimyn‚

72 3008 237 3072 ¹sacerdotii
253 3006 427 3086 dignitatem
446 3026 554 3070 aueum
570 3009 631 3070 sibi
643 3028 794 3086 arrogare,
816 3007 1003 3088 eundemque
1018 3027 1050 3066 se
1064 3004 1101 3064 ab
1117 3006 1225 3064 Laena·

72 3093 161 3154 ribus
178 3093 342 3154 oriundum
361 3091 565 3169 iactitantem,
587 3116 683 3156 novae
705 3114 754 3154 res
777 3095 914 3154 molitum
939 3113 1019 3170 esse,
1047 3112 1084 3150 oc
1102 3091 1224 3152 demunt

73 3179 284 3240 coniuratione
310 3175 496 3258 deprehensa
523 3180 654 3246 carceris
678 3179 820 3261 perpetui
850 3199 979 3259 poenam
1007 3176 1144 3236 subiisse.
1185 3175 1222 3234 ln

73 3283 146 3326 eum
164 3274 262 3324 exstat
277 3261 432 3324 Athanasii
447 3265 636 3345 patriarchae
652 3259 782 3346 Γροίμμα
801 3258 1039 3344 σεηλιεειπιιιίν,
1059 3262 1150 3342 Ιαιείιιε
1165 3279 1222 3320 au·

72 3370 133 3430 pra
147 3350 334 3409 meminimus
349 3349 387 3409 ad
402 3368 470 3430 pag.
486 3356 556 3418 110.
570 3353 605 3416 B.
646 3351 786 3411 Fortasse
802 3350 828 3408 ie
843 3349 909 3429 ipae
928 3359 982 3426 est,
1005 3361 1093 3427 quent
1110 3348 1223 3424 (λίνεα.

72 3455 128 3496 ros
144 3432 203 3494 hoo
219 3435 288 3495 loco
301 3434 477 3515 magistrum
490 3439 627 3518 Palamae
643 3437 725 3496 iacit.
768 3435 830 3495 Neo
844 3434 953 3510 obstat,
980 3433 1065 3514 quod
1080 3433 1132 3513 qui
1148 3450 1223 3490 con·

72 3530 125 3578 tra
145 3520 356 3600 imperatorem
380 3522 564 3600 coniuravit,
592 3522 619 3581 is
641 3521 678 3582 ab
699 3517 863 3582 Athanasio
885 3521 1012 3581 loannes
1039 3520 1221 3592 nominatum

73 3605 180 3665 Potuit
194 3607 272 3666 enim
288 3607 409 3667 cucullo
429 3609 550 3671 tandem
566 3608 675 3670 induto
693 3627 803 3668 noman
826 3615 961 3683 mutare,
982 3625 1019 3665 ao
1033 3625 1092 3685 pro
1110 3599 1222 3674 Ῑοαιιιιε

73 3690 139 3752 dici
158 3687 326 3772 Gregorius.
362 3712 477 3755 sorvis.

160 3778 238 3858 Pop.
261 3780 338 3851 928,
362 3783 394 3844 8.
435 3776 469 3840 ‘0
487 3783 552 3852 ταῖς
577 3775 741 3859 ὑπεροχαῖς
762 3775 824 3856 είμι
847 3778 911 3837 ταῖν
931 3775 1028 3853 sapato
1048 3767 1126 3848 eto]
1151 3765 1220 3828 Fuit

75 3859 251 3928 Barlaamus
267 3861 365 3921 Abbas
385 3863 609 3924 monasteriis,
632 3861 795 3922 salvatoris
811 3858 1037 3936 Constantinop.
1080 3853 1163 3914 Idem
1184 3851 1223 3910 ad

73 3966 187 4027 papam
203 3946 320 4025 legatus
343 3949 399 4008 ivit
417 3969 465 4012 an.
488 3947 559 4009 chr.
581 3945 830 4008 dcccxxxix
859 3945 936 4004 Vide
962 3941 1128 4002 Odorioum
1147 3939 1225 4015 Ray-

74 4030 201 4091 natdum
220 4032 342 4092 adeum
359 4054 486 4108 annum,
508 4055 590 4095 num.
610 4037 659 4098 19.
674 4043 704 4094 et
720 4052 781 4112 seq.
814 4029 892 4110 Vide
912 4039 943 4089 et
958 4027 1158 4088 Gantacttaen.
1173 4021 1226 4083 Hi-

77 4125 151 4176 stor.
168 4114 219 4176 lib.
234 4117 273 4177 ll.
293 4138 357 4198 cap.
374 4120 516 4182 XXXiX.
547 4139 664 4178 notvttt.
