2706 5160
125 621 202 700 692
431 633 667 706 mensuum
686 633 927 704 GREGORAE

63 795 277 870 ῖῦλθτάναντία
298 797 379 866 κατά
399 796 454 866 τάν
474 798 569 866 αάτδν
581 794 695 888 χρόνον
715 798 748 866 ἐν
768 803 813 888 τῷ
835 797 920 888 circi
939 794 1082 900 γενέσῂι
1104 792 1225 864 ἀποκει-

65 886 82 939 ⁹
127 903 210 991 μίνρι
234 908 298 968 τῶν
325 899 490 986 ἀμηχάνων
515 899 594 968 εέναί
618 926 705 990 φασι.
742 898 856 968 τοάτον
884 901 917 968 δ’
951 899 1052 977 οὕτως
1088 897 1222 984 ἔχοντος,
1277 911 1283 977 .'

129 1003 187 1090 οάχ
207 1001 271 1092 ἀραὶ
294 1005 341 1082 τίς
364 1003 403 1071 ἀν
427 1005 495 1089 ἐμοὶ
518 1005 633 1092 γίνοιτο
653 1003 793 1090 μηχανῆ,
826 1001 848 1088 ἣ
870 1003 1049 1090 μεριζομένη
1069 1002 1147 1090 πρδς
1167 1001 1224 1070 δόο
1276 1043 1279 1052 ·

126 1101 358 1174 τάναντιιότατα
391 1108 554 1195 παρέχοιτο
590 1110 668 1198 δρᾷν
693 1107 843 1195 ἀσφαλῶς
863 1106 885 1172 ἀ
905 1107 1159 1194 προκεχείρισμαι.
1187 1104 1225 1172 τδ

77 1229 81 1244 ’
127 1212 184 1296 μέν
206 1209 267 1298 γάρ
296 1217 358 1276 τῶν
377 1218 486 1276 κοινῶν
504 1217 704 1297 προνοεῖσθαι
723 1207 911 1298 πραγμάτων
939 1205 1084 1276 ἀπάντων
1110 1208 1165 1274 ἕνα
1185 1216 1251 1293 μεθ

98 1312 204 1381 Βόννα
219 1311 331 1393 αάτδν,
357 1316 409 1378 καὶ
428 1310 552 1380 πάντων
569 1315 777 1397 ἐπιμελεῖσθαι
796 1318 859 1378 τῶν
872 1309 1056 1379 ὑπεικόντων
1077 1317 1118 1398 τῆ
1131 1317 1228 1395 βασι-

127 1419 195 1508 λείρι
212 1412 390 1501 ἀνθρώπων
410 1416 454 1502 μῆ
472 1415 587 1508 ῥᾳδίως
601 1413 662 1482 ἀπὸ
676 1422 739 1486 τῶν
753 1417 906 1498 πολεμίων
917 1411 1134 1498 βλάπτεσθαι,
1162 1419 1227 1482 πά-

98 1537 100 1542 ’
127 1543 188 1584 σαν
208 1517 284 1584 ἐλκει
305 1519 382 1606 πρδς
401 1516 492 1586 ἑαυτό
512 1514 670 1600 διάνοιαν,
699 1520 750 1586 καὶ
772 1525 876 1584 πᾶσαν
897 1513 1226 1604 λογισμῶνάποτάττει

126 1623 296 1710 φροντίδα·
323 1619 360 1687 τό
382 1621 415 1688 δ’
440 1620 547 1699 αὐτοῖς
566 1623 707 1702 ἐκείνοις,
734 1611 778 1688 ὧν
802 1617 1024 1708 προνενόημαι,
1051 1616 1227 1703 ἐπιβούλοις

127 1729 298 1808 κεχρῆσθαι
319 1725 398 1791 κατὰ
419 1732 476 1810 τῆς
498 1726 633 1810 ἐμαυτοῦ
664 1727 759 1810 ζωῆς,
792 1729 885 1790 τοῦτο
915 1724 949 1789 δέ
969 1719 1164 1808 παγχάλεπον
1185 1721 1268 1802 rislo

126 1823 285 1911 ἀναγκάζει
306 1825 431 1894 πάντων
452 1825 633 1894 ἀποστάντα
654 1853 693 1912 με
716 1833 779 1894 τῶν
805 1825 908 1893 ἀλλων
929 1827 1104 1913 φροντίδων
1128 1821 1228 1909 μόνης

125 1935 183 2012 τῆς
205 1930 339 2013 ἐμαυτοῦ
364 1933 443 2016 ζωῆς
464 1935 683 2018 προνοεῖσθαι,
717 1931 769 1996 καὶ
787 1927 844 2014 τῆν
865 1930 977 1996 οἰκείαν
1000 1924 1172 2015 ἀσφάλειαν
1192 1929 1226 1994 ἐκ

99 2031 244 2108 Επαντδς
263 2031 537 2119 πραγματεύεσθαι
556 2030 684 2119 τρόπον.
711 2028 824 2098 τοόταν
845 2032 879 2098 δέ
898 2030 957 2114 τῆν
979 2027 1147 2116 διόρθωσιν
1164 2028 1227 2115 ἀμ-

126 2145 198 2221 φοῖν
216 2131 290 2218 ὑμῖν
314 2134 511 2223 ἀνηρτῆσθαι
532 2138 641 2223 ἐχρῆν,
669 2136 696 2200 el
717 2133 758 2200 τά
771 2136 874 2206 δίκαια
889 2129 1033 2220 πράττειν
1044 2129 1223 2216 ἐβοάλεσθε,

126 2233 173 2314 αίς
185 2237 276 2321 χρίος
298 2236 381 2304 ἀπαν
398 2240 531 2324 ἀνῆπται
552 2244 627 2303 πάσι
642 2234 768 2324 τρόποις
783 2238 957 2322 ἐπείγεσθαι
977 2234 1158 2322 ἀποτρέπων
1173 2237 1224 2301 καὶ
1235 2246 1268 2302 15

124 2337 324 2420 ἀποκόπτειν,
353 2340 408 2406 είτι
429 2367 489 2406 πον
509 2336 590 2406 κατά
610 2365 642 2406 τε
664 2345 728 2406 τῶν
744 2345 801 2422 τῆς
822 2340 980 2422 βασιλείας
1001 2334 1081 2423 δμοῦ
1103 2341 1226 2423 καὶτῆς

124 2441 285 2525 ἐκκλησίας
297 2438 468 2529 δπσφόοιτο
484 2443 592 2518 κακίας
606 2438 793 2525 βλάστημα,
820 2440 838 2508 ἀ
863 2446 1040 2523 λυμανεῖται
1054 2448 1225 2528 προβαῖνον

125 2546 167 2619 εἰς
184 2533 322 2627 ἀἀξησιν
347 2547 398 2610 καὶ
427 2543 510 2611 ἀπαν
531 2544 630 2631 ἀρδην
652 2543 779 2630 ἀφανιεῖ
799 2542 835 2610 τδ
857 2539 971 2631 κρότος
986 2543 1114 2631 ἀμφοῖν.
1139 2541 1225 2627 ἀμεῖς

125 2646 160 2712 δέ
178 2653 353 2734 μοχθηροῖς
372 2645 503 2736 ἀνδράσι
520 2644 628 2732 λάθρα
657 2649 709 2712 καὶ
733 2645 831 2734 σαχνά
859 2643 1138 2732 κοινολογοόμενσι,
1174 2649 1226 2712 καὶ

97 2757 192 2825 Ιῖτοῖς
215 2748 317 2814 αάτιῦν
339 2748 527 2837 παραλόγοις
546 2747 687 2834 ἑπόμενοι
706 2746 822 2834 λόγοις,
856 2755 897 2836 τῇ
918 2748 1064 2840 ἀριστερᾷ
1075 2752 1154 2837 χειρὶ
1168 2749 1269 2834 τῆνΞο

124 2849 225 2927 δεξιάν
248 2849 431 2919 ἀποκόπτειν
456 2847 657 2939 ἐπειγομένοις
690 2848 808 2928 ἑκόντες
838 2852 963 2918 ἐοίκατε.
998 2850 1099 2919 ἐπειτα
1124 2853 1224 2938 εέμέν

124 2954 200 3036 ἐμοῦ
223 2954 280 3038 τὴν
298 2956 404 3040 ψυχὴν
426 2953 539 3042 ἐξάγειν
561 2961 617 3020 τοῖν
645 2949 789 3037 σώματος
809 2963 875 3032 τοῖς
894 2951 1067 3038 ἐπιβούλοις
1086 2947 1125 3039 ῆν
1141 2954 1225 3040 Ιπρός

122 3053 300 3139 βουλήσεως
321 3055 419 3140 μόνον
428 3109 440 3141 ,
474 3060 525 3124 καὶ
548 3057 593 3142 μῆ
614 3057 693 3122 κατὰ
716 3056 832 3133 παντδς
846 3053 969 3144 ἐχιόρει,
997 3064 1061 3124 τῶν
1076 3084 1110 3124 τε
1125 3060 1224 3145 φίλων

123 3161 253 3225 καὶτῶν
273 3157 421 3245 ἐκγόνων,
455 3161 493 3228 τδ
512 3167 570 3246 τῆς
583 3166 672 3248 σφῶν
689 3158 845 3238 ἀναιδείας
861 3163 969 3248 ξίφος,
1001 3159 1077 3238 ἴσως
1088 3161 1144 3243 μὲν
1159 3160 1224 3226 ἐσί-

190 3290 234 3344 2³.
249 3285 362 3346 πάντων
378 3291 446 3344 οοαὶ.
460 3290 535 3345 Boin.
569 3357 572 3364 .

121 3392 273 3446 sicutissimi
288 3394 419 3449 coutrsris
431 3395 519 3448 eodem
531 3388 648 3465 tempore
662 3391 744 3448 eidem
759 3383 807 3448 rei!
816 3401 913 3478 negant
926 3394 1010 3449 inem
1032 3410 1116 3464 posse.
1146 3391 1224 3456 Quod

120 3477 177 3514 cum
191 3461 228 3514 its
241 3463 292 3527 sit,
309 3481 360 3516 non
374 3464 449 3518 video
462 3481 587 3535 quaenam
604 3480 620 3516 a
634 3481 674 3516 me
687 3462 770 3533 possit
783 3465 898 3518 mechsno
910 3461 1042 3528 adbiberi,
1059 3480 1111 3532 qua
1123 3462 1222 3514 duobus

118 3531 198 3581 rebus
214 3529 298 3600 iisqne
318 3534 425 3586 maxime
444 3533 581 3586 contrariis
606 3531 691 3585 divise
714 3532 861 3584 cautissime
876 3532 970 3602 possim
986 3532 1093 3652 εκιεραὶ
1109 3547 1141 3584 es
1156 3547 1223 3650 pune

119 3597 233 3650 decrevi.
270 3600 337 3652 Nona
357 3609 385 3653 et
404 3601 453 3654 toti
474 3601 592 3670 publicae
612 3602 650 3654 rei
674 3617 750 3653 unum
773 3617 812 3654 me
831 3601 995 3671 prospicere,
1012 3607 1039 3652 et
1068 3599 1162 3653 oomni
1182 3616 1222 3663 us,

120 3667 165 3734 qui
181 3667 240 3718 hnic
254 3667 360 3736 imperio
381 3669 493 3724 subiecti
513 3676 587 3734 sunt,
605 3669 741 3722 sollicitum
754 3687 826 3734 esse,
844 3687 877 3722 ne
890 3670 952 3738 quid
965 3669 1109 3722 detrimenti
1125 3677 1222 3720 temere

120 3736 154 3786 nb
170 3735 286 3788 hostibus
301 3736 446 3805 accipient,
462 3738 489 3790 id
504 3738 605 3806 quidem
623 3755 710 3790 ormaes
727 3738 809 3791 trehit
823 3739 857 3792 ad
877 3756 906 3790 so
926 3737 1002 3791 animi
1014 3754 1117 3801 nervos,
1133 3753 1221 3788 omnes

120 3803 237 3856 vindicet
253 3807 425 3873 cogitationes
438 3815 465 3859 et
482 3822 568 3859 cures.
602 3809 638 3859 At
654 3823 698 3859 eos
718 3807 788 3874 ipsos
805 3808 875 3860 vitae
892 3824 964 3860 mene
977 3805 1110 3878 insidiari,
1128 3805 1221 3875 quibus

121 3871 239 3936 consulo,
260 3872 288 3924 id
302 3891 364 3926 vcro
377 3875 554 3943 gravissimum
569 3891 625 3928 cum
640 3875 689 3940 sit,
705 3875 777 3944 cogit
788 3893 828 3928 me
842 3876 909 3928 omui
923 3876 975 3928 alis
988 3891 1052 3927 cura
1064 3875 1167 3928 abiecta
1177 3873 1222 3926 nni

119 3939 257 4008 providere
271 3941 347 3994 sslnti
359 3960 445 4008 mese,
462 3952 489 3997 et
502 3961 603 4013 quoquo
621 3944 694 3996 modo
707 3961 801 4014 perere
814 3943 874 3998 mibi
890 3943 1061 3997 securitatem.
1095 3943 1162 3996 Eius
1172 3960 1223 3996 nu-

120 4015 171 4061 tem
184 4010 222 4062 rei
236 4011 434 4065 emendationem
448 4012 568 4066 ambobus
582 4013 657 4064 vobis
671 4013 818 4066 incumbere
833 4014 984 4082 oportebat,
1001 4011 1025 4064 si
1032 4028 1098 4080 quse
1113 4029 1221 4082 scqnurn

119 4085 177 4132 erut
194 4095 226 4130 es
244 4079 332 4132 locere
344 4079 505 4145 voluissetis,
528 4083 603 4134 vobis
623 4081 740 4150 inquam,
756 4080 789 4134 ad
806 4099 869 4152 qnos
887 4098 918 4136 ea
935 4079 1015 4134 omnis
1031 4097 1094 4134 curn
1110 4089 1221 4150 spectat,

119 4161 227 4212 quorum
242 4165 315 4200 omne
328 4149 439 4202 studium
453 4151 479 4203 in
495 4169 525 4203 eo
540 4149 601 4220 poni
614 4151 708 4215 debet,
727 4159 757 4203 ut
771 4151 897 4204 avertatis
910 4167 940 4202 ac
954 4151 1126 4220 praecidetis,
1144 4151 1222 4220 quid-

119 4214 182 4281 quid
197 4216 224 4268 in
238 4216 371 4286 imperium
386 4219 459 4272 simul
473 4229 500 4272 et
519 4219 652 4274 ecclesiam
672 4220 831 4273 succreverit
843 4218 964 4288 germinis
976 4219 1045 4282 mali,
1063 4236 1113 4288 quo
1126 4220 1153 4272 in
1166 4219 1221 4273 dies

116 4295 273 4350 augescente
289 4287 416 4356 corrumpi
432 4287 514 4356 possit
528 4297 608 4357 etque
626 4288 725 4341 omnino
739 4289 819 4342 deleri
833 4289 967 4358 utriusque
979 4289 1116 4357 potestatis
1131 4289 1220 4342 robur.

116 4351 151 4404 At
163 4371 218 4417 vos,
236 4371 293 4408 cum
304 4353 428 4426 improbis
441 4357 584 4410 horninibus
598 4357 661 4410 clam
677 4367 705 4410 et
717 4359 809 4410 crebro
824 4357 1008 4425 colloquentes,
1027 4375 1166 4428 eorumque
1180 4357 1220 4408 in-

115 4420 184 4474 senis
198 4423 297 4476 inducti
312 4424 490 4490 suasionibus,
508 4425 540 4478 iis
554 4425 621 4478 ultro
636 4424 818 4490 assimilamini,
836 4425 882 4494 qui
896 4425 1001 4480 sinistra
1015 4444 1089 4480 mann
1104 4428 1220 4478 dextram

115 4501 248 4558 amputare
264 4493 392 4546 studeant.
426 4494 479 4546 lam
494 4511 574 4556 vero,
592 4493 616 4545 si
629 4495 737 4547 animam
755 4493 817 4547 mibi
834 4494 991 4565 sunieripcre
1004 4495 1100 4549 vellent
1113 4494 1220 4548 insidia·
1281 4507 1282 4512 ’

114 4561 186 4638 iopes
198 4561 263 4625 nrei,
282 4578 330 4615 nec
343 4578 429 4614 eorum
442 4561 652 4616 insolentissimus
668 4562 770 4632 gladius
788 4581 835 4634 per
841 4564 936 4617 amicos
952 4581 1046 4628 omnes,
1062 4582 1109 4635 per
1123 4579 1219 4616 omnem

115 4631 221 4697 stirpem
239 4637 308 4685 cenot
321 4647 496 4700 pervasurus,
512 4630 639 4704 quiessem
655 4647 704 4702 ego
724 4633 851 4700 lemme,
877 4635 989 4690 tortasse
1004 4633 1080 4689 etism
1095 4649 1146 4688 non
1162 4631 1219 4702 qni·
