2760 5176
501 107 857 196 Auuoumours.
1129 105 1227 180 1221

76 268 122 331 rit
136 265 296 330 luatiniani
313 267 412 348 galea,
435 267 571 331 declarat
586 265 710 331 Tuetuee
726 266 759 334 in
778 270 861 332 varia
879 265 1018 332 bietorr'a.
1051 268 1129 334 Vide
1150 271 1229 354 Gyt-

76 356 156 416 lium
180 353 219 414 de
238 357 367 434 Topogr.
387 347 613 433 constantinop.
635 353 688 419 lib.
705 356 742 420 11.
764 375 829 435 cop.
844 355 938 422 xvfl.
970 356 1052 418 Vide*
1068 368 1099 420 et
1124 359 1227 440 Augu·

76 440 194 502 eteoniu
219 439 383 520 Ecpbreein
404 439 677 520 Peobymeriananr.
718 460 832 502 uorum.

168 529 241 606 rag.
262 529 340 599 276,
362 531 414 592 20.
458 527 520 588 Καὶ
537 522 570 588 τὸ
582 521 637 604 μὲν
650 529 707 588 τοῦ
725 528 829 600 κίονος
844 523 957 607 uiroc]
977 525 1224 588 bondelmontioe

76 611 324 694 septingentorum
341 611 504 671 cubitorum
522 611 610 670 altam
629 610 715 671 facite
738 612 769 670 id
790 613 870 690 qood
890 611 1064 672 incredibile
1080 621 1134 675 eat.
1163 613 1224 673 Le·

77 695 212 775 gendum
231 695 467 777 proculdubio,
488 697 674 777 reptunginto
693 693 866 760 cubitorum.
914 698 1063 774 Gregorae
1082 718 1146 758 eam
1167 718 1223 760 noe

77 801 116 842 ex
127 781 238 840 umbra
256 779 353 840 metiri
367 781 465 856 iubet3
487 781 572 860 quaai
586 800 658 840 vero
675 780 706 840 id
719 802 776 841 noa
790 782 888 842 secere
907 783 1057 863 poscimur
1070 781 1130 843 hoc
1144 792 1222 844 tem-

74 887 172 946 pore,
200 887 269 924 oum
290 885 346 926 nec
367 866 522 944 vestigium
543 865 665 945 quidem
691 867 754 926 eine
778 867 933 928 columnae
955 869 1049 928 ullum
1072 878 1218 949 rupereet.

76 949 197 1024 Quodsi
211 951 370 1010 etiamnum
386 960 479 1012 ataret
500 949 631 1028 integre,
652 972 709 1010 nec
729 953 774 1016 aie
796 953 917 1032 quidem
941 974 1004 1013 eern
1024 955 1126 1015 metiri
1146 953 1221 1015 binc
1287 973 1290 980 ·

73 1055 249 1118 portemus,
272 1046 308 1097 ut
320 1037 446 1096 Wolfiue
463 1045 544 1096 recte
559 1037 590 1096 in
607 1037 740 1115 margine
754 1047 887 1098 annotet.
929 1059 1043 1102 eornm.

163 1141 238 1220 Pag.
258 1143 332 1216 277,
352 1137 383 1203 4.
430 1133 471 1201 Τὸ
486 1135 520 1203 δὲ
532 1143 630 1219 μῆκος
643 1133 770 1203 ἕκαστον
785 1135 951 1222 δακτύλου]
974 1140 1068 1218 Quaai
1081 1161 1154 1202 vero
1168 1139 1219 1202 di-

75 1221 208 1302 gitorum
221 1223 352 1285 omnium
368 1222 471 1284 eedem
486 1233 563 1284 eaaet
578 1224 745 1303 longitudo.
787 1245 902 1288 norem.

163 1329 237 1408 Peg.
260 1331 339 1403 277,
362 1331 411 1390 12.
459 1321 500 1404 Z'd
521 1323 555 1388 di
576 1329 632 1408 τῆς
652 1321 771 1408 κνήμης
789 1329 847 1389 τοῦ
870 1321 963 1400 οοδός
983 1317 1081 1390 ednod
1099 1317 1216 1406 πάχος]

74 1411 159 1487 Quid
175 1413 215 1470 eit
235 1407 336 1492 κνήμη
354 1415 411 1473 τοῦ
424 1407 519 1486 ποδός
537 1432 597 1470 non
620 1412 691 1471 catio
711 1413 822 1492 liquet,
842 1410 901 1470 niei
917 1411 955 1470 ait
971 1430 1005 1469 ea
1024 1430 1095 1492 perr
1113 1411 1215 1486 tibiae,

73 1517 152 1578 quae
167 1497 204 1556 ed
222 1497 329 1576 pedem
350 1496 488 1576 proxime
508 1495 638 1566 accedit,
660 1506 690 1556 et
709 1507 756 1556 eat
773 1496 903 1556 maxime
922 1495 1054 1576 gracilia.
1097 1495 1217 1556 Dicitur

73 1583 157 1644 etde
171 1580 300 1642 bomine.
344 1581 395 1640 Sic
415 1580 495 1662 opud
515 1583 648 1642 Nicetam
668 1581 699 1641 in
721 1581 903 1660 fragmento,
925 1583 1009 1660 quod
1022 1581 1070 1641 vir
1089 1580 1213 1644 doctiaa.

71 1668 115 1728 lo.
137 1669 283 1727 Erneetna
302 1666 430 1728 Grebiue
450 1686 567 1728 mecum
582 1665 794 1728 bumenieaime
810 1665 1057 1743 communicavit,
1086 1664 1216 1726 rimula-

72 1773 159 1813 crum
178 1752 335 1828 HerrnIie,
358 1751 567 1832 aLyeimecbo
583 1751 692 1828 edicti,
715 1751 829 1812 dicitur
849 1751 941 1812 suiaee
960 1744 1044 1840 οὕτω
1065 1748 1214 1833 μέγιστον,

62 1837 115 1914 ,οἷς
130 1834 188 1919 τήν
202 1842 400 1920 οιεριελοῦσαν
418 1833 473 1900 το“ν
493 1831 588 1900 edroi
601 1831 752 1921 ἀντίχειρα
772 1831 928 1920 μήρινθον
948 1836 991 1910 εἰς
1003 1829 1145 1918 α’νδρεῑον
1160 1838 1214 1911 ζο-
1324 1867 1329 1874 ·

70 1927 169 2004 οιῆρα
198 1923 404 2000 ἐντείνεσθαι,
443 1920 496 1986 καὶ
524 1919 582 2006 τήν
606 1917 726 2006 κνήμην
749 1926 806 1988 τοῦ
827 1917 924 1998 noddo
948 1921 992 1998 ete
1012 1915 1213 2006 ἄνδρόριηιιες.

64 2027 184 2070 norum.
677 2019 681 2027 '
1304 2029 1308 2034 ·

156 2097 227 2174 rag.
249 2096 328 2165 277,
351 2091 400 2159 15.
448 2097 517 2156 Teio
531 2088 655 2156 drudro
678 2091 711 2156 ἔιι
724 2096 861 2175 Σιρριιιῆς
879 2087 1101 2174 κομιζομένων]
1123 2090 1213 2152 Wol-

64 2177 125 2239 fiue
138 2198 199 2238 non
218 2177 365 2256 expremit
379 2177 554 2239 adverbium
576 2175 709 2242 ἄνωθεν.
738 2179 802 2256 Ego
819 2180 857 2239 ed
881 2178 1074 2260 praeteritum
1091 2181 1218 2258 tempor*

63 2264 244 2337 retuleram,
267 2273 358 2342 atque
372 2264 414 2324 ita
429 2275 587 2339 verterem,
610 2266 662 2348 qui
681 2287 696 2322 e
710 2261 812 2324 Serum
828 2265 943 2345 regione
958 2259 1029 2324 olim
1044 2260 1211 2347 effi-ebon-

64 2363 124 2411 tur.
168 2349 256 2408 Nunc
270 2347 331 2407 loci
347 2349 520 2410 adverbium
535 2370 598 2410 eaea
615 2348 770 2422 exiatimo‚
794 2358 824 2408 et
843 2349 888 2408 eic
908 2348 1110 2429 interpretor,
1131 2347 1211 2430 quie

64 2431 172 2496 Serum
189 2435 304 2514 regione
317 2430 429 2496 devecti
442 2432 500 2496 Ιιοα
518 2431 704 2494 descendent.
752 2434 838 2507 Quae
857 2433 895 2492 ab
907 2433 1030 2494 Oriente
1046 2431 1210 2492 effereban-
1293 2434 1298 2440 '

63 2527 136 2593 tur,
159 2539 193 2579 ea
206 2519 345 2596 Byzantii
366 2516 490 2583 ἄνωθεν
504 2519 604 2579 efferri
621 2517 775 2586 dicebant3
799 2539 876 2598 quae
896 2518 932 2577 ab
948 2517 1132 2592 Occidente,
1153 2510 1208 2578 nci-

61 2609 174 2667 ποθεν.
217 2603 267 2662 sic
280 2603 359 2663 idern
377 2605 523 2682 Gregorne
546 2606 577 2663 in
597 2603 794 2684 ioecriptiooe
815 2604 959 2684 epistolee
973 2602 1013 2662 ed
1026 2601 1209 2682 Pepagome-

60 2709 150 2764 num,
172 2679 240 2770 περὶ
261 2693 324 2751 τῶν
344 2689 502 2752 ἐλθοοσοῖν
524 2683 606 2773 adegi
625 2691 849 2770 τερατολογιοῖν,
870 2693 931 2751 τῶν
952 2686 1009 2770 utu
1028 2683 1152 2750 donoro
1172 2684 1208 2750 iu

64 2776 304 2854 Τραπεζοῦντος,
325 2779 387 2837 τοῖν
408 2771 442 2836 et
462 2771 601 2838 κάτωθεν
621 2773 653 2852 ἐξ
672 2768 806 2847 Ἰταλίας.
836 2772 913 2835 Vide
932 2793 1001 2855 pag.
1018 2775 1092 2838 276¹·
1113 2791 1206 2854 cupra

54 2879 200 2936 mmerg.
242 2878 355 2920 norum.

146 2941 270 3004 Ibidem.
306 2945 373 3004 Non
388 2942 583 3006 omittendum
596 2939 656 3016 boc
670 2941 740 3002 loco
753 2941 786 3003 id
798 2942 882 3024 qnod
896 2952 1000 3004 narret
1012 2943 1118 3004 Petrur
1130 2940 1206 3022 Gyl·
1226 2941 1227 2944 ’

57 3029 138 3105 liua,
160 3028 353 3110 Topogreph·
372 3029 634 3110 Constantinopol.
652 3028 707 3090 tib.
727 3029 763 3089 tl.
787 3049 851 3110 cap.
866 3029 963 3092 xvss.
990 3025 1137 3103 Barbari,
1157 3027 1205 3087 in·
1226 3027 1229 3032 ’

60 3115 143 3195 quit,
175 3116 257 3174 omni
277 3137 360 3176 nereo
380 3116 502 3191 vertitu,
523 3129 551 3175 et
568 3135 658 3198 equo,
683 3127 710 3174 et
730 3111 1025 3176 rtotao.oolumnone
1043 3111 1206 3174 Iustiniani

58 3197 243 3282 spoliarunt,
264 3197 436 3283 aliquotque
449 3221 544 3260 onnoa
559 3198 640 3259 nudo
654 3201 804 3261 remonuit.
854 3196 984 3260 Tandem
997 3211 1065 3260 onte
1079 3197 1203 3278 triginta

59 3305 156 3344 annor
169 3305 266 3344 enerao
282 3298 323 3344 eet
343 3299 406 3346 toto
423 3308 514 3367 usque
535 3281 578 3344 od
596 3281 787 3362 stylobotem,
812 3305 895 3368 quem
916 3305 995 3345 onno
1011 3284 1158 3366 euperiore
1169 3279 1202 3362 *)

54 3365 199 3454 fienditue
212 3367 277 3429 nidi
289 3367 434 3429 eaeacindi
464 3370 545 3430 ldem
561 3371 653 3450 paulo
665 3369 759 3444 infre,
781 3367 949 3454 Equestrem
963 3365 1124 3429 luetinioni
1139 3380 1215 3432 etos

57 3461 157 3529 tuom,'
185 3475 275 3536 quom
291 3451 381 3514 modo
406 3452 477 3515 tter·
494 3477 585 3538 cupro
611 3453 689 3516 donc
712 3452 881 3515 columnam
897 3451 993 3536 fuisse
1010 3449 1200 3527 collocutore,

55 3553 203 3598 eeruotorn
222 3536 273 3598 diu
289 3540 321 3598 in
336 3535 467 3600 claustro
486 3542 559 3620 regii
576 3538 709 3616 Palatii,
734 3536 885 3620 deportari
902 3561 993 3618 nuper
1013 3535 1077 3597 uidi
1094 3539 1125 3596 in
1149 3557 1200 3598 oo-

54 3624 168 3695 minor,
191 3619 297 3705 quidue
316 3619 438 3684 metello
449 3622 628 3708 funduntur
645 3627 676 3684 in
694 3623 847 3683 machinor
868 3620 1006 3698 bellicos,
1031 3623 1107 3682 inter
1124 3642 1201 3703 quoe

38 3707 119 3766 ἐνοι
140 3703 302 3767 Iustiniani
320 3730 388 3768 crue
405 3711 582 3788 proceritate
602 3731 696 3770 meum
716 3723 860 3769 etoturnm
877 3728 1033 3787 cuperant,
1063 3719 1092 3765 et
1108 3725 1201 3764 nocue

52 3788 202 3851 dodrante
216 3788 341 3874 longior.
389 3791 483 3850 Crura
499 3791 624 3877 equiori
639 3809 745 3853 terr-om
762 3795 901 3874 'proiecto
915 3792 1013 3851 mettre·
1031 3811 1090 3852 non
1102 3789 1197 3870 potui.

50 3872 147 3938 Pedia
163 3874 304 3956 ungulum
321 3898 435 3936 menore
454 3899 518 3936 aum
538 3876 665 3953 occulte,
686 3893 714 3937 et
735 3873 910 3960 deprehendi
931 3871 1119 3936 dodmntolie
1138 3895 1198 3933 erae

48 3955 232 4021 altitudinis.
275 3961 393 4042 Gylliue
412 3981 449 4023 ex
462 3982 517 4021 eun
533 3962 627 4042 ipaiua
641 3972 757 4028 oteture
773 3962 990 4023 eertimandum
1004 3959 1092 4021 nobie
1105 3958 1197 4020 relin-

121 4106 153 4176 Ι*)
168 4107 250 4168 neae
258 4110 359 4184 ιοείριο
375 4117 436 4168 eunt
451 4111 558 4169 circiter
574 4113 686 4169 ancbr.
704 4113 782 4170 1⁵⁵0.
817 4126 920 4168 uorrne.
