2760 5176
404 729 787 842 nnnorsrronns
862 823 864 826 Ι
948 819 955 834 ἡ
1001 675 1003 680 ’
1059 723 1160 798 1249

100 893 176 972 Pag.
200 891 263 956 518
271 935 280 966 ,
302 892 353 957 24.
379 881 447 951 Ἐπὶ
461 891 524 950 τοῖν
537 885 691 972 ἡμετέρων
705 882 785 972 ὅρων
798 910 828 952 n.
839 895 865 950 τ.
877 885 923 968 1.]
948 887 1072 970 Gregor.
1086 889 1159 953 Nae.

11 977 151 1066 tratione
172 977 268 1057 prims
285 976 322 1035 de
334 973 422 1034 Filio.
466 993 582 1033 sorvtn.

98 1073 176 1158 Peg.
198 1079 277 1153 514,
299 1077 328 1143 5.
374 1067 452 1138 ov’t’
474 1069 604 1156 ν’νὸμντα
625 1073 758 1156 κ.τ.1.]
789 1075 914 1153 Gregor.
931 1073 1003 1138 Nan.
1024 1074 1063 1137 sd
1084 1075 1160 1138 uva-

11 1161 113 1240 {rium
131 1163 171 1220 da
187 1163 360 1229 Divinitate.
403 1179 518 1222 sorvsn.

100 1249 177 1328 Png.
199 1247 277 1326 515,
300 1252 329 1314 8.
369 1239 569 1326 Ἀποστόλον]
612 1244 660 1306 Ad
688 1247 838 1306 Romanos
868 1265 934 1328 cap.
958 1243 1040 1308 Vll'l.
1068 1263 1100 1307 v.
1129 1247 1160 1309 9.

11 1350 131 1393 somn

99 1415 178 1498 Peg.
201 1415 278 1490 516,
300 1421 330 1482 8.
371 1412 423 1490 Ὦς
452 1419 555 1500 σιωπῇ
578 1411 616 1477 sol
645 1415 733 1491 colos
759 1409 906 1500 λεγόμενα
929 1411 1086 1495 δέχεσθαι]
1121 1411 1162 1472 Ut

11 1498 165 1584 quidquid
186 1497 234 1560 illi
256 1499 398 1579 dixerint,
421 1501 507 1560 toeiti
528 1501 586 1582 ipsi
608 1497 777 1577 admittant,
799 1523 870 1580 non,
891 1510 927 1561 ut
942 1499 1163 1582 interpretabe-

11 1597 65 1648 tur
79 1583 219 1660 Wolfius,
241 1600 273 1645 ut
293 1581 441 1668 quidquid
462 1581 587 1662 dixeris,
609 1587 695 1646 taciti
708 1585 827 1670 fernnt.
871 1605 988 1648 norvrn.

102 1687 176 1764 ch.
199 1689 280 1766 518,
303 1689 353 1752 19.
398 1685 517 1768 Φησὶν]
541 1688 665 1768 Gregor.
683 1688 755 1750 Nan.
768 1689 904 1750 oratione
922 1686 991 1769 περὶ
1006 1680 1162 1771 δόγματος.

11 1789 137 1832 somn.

104 1859 176 1938 Pug.
199 1855 277 1934 519,
300 1858 351 1922 18.
383 1849 426 1919 ‘⁴0
439 1879 473 1939 γε
486 1852 548 1938 μήν
568 1853 707 1939 βασιλεῦς
723 1854 801 1942 etc]
828 1857 943 1919 Vitiosa
965 1853 1161 1916 constructio.

11 1960 133 2000 nomn.
430 1985 431 1988 η

105 2029 176 2104 rag.
202 2023 280 2101 520,
304 2031 333 2090 1.
381 2031 482 2090 Ταῦτα
504 2023 667 2102 διεξελθών
689 2022 847 2109 ὁμόστοιχα
869 2024 965 2108 λέγειν
982 2025 1071 2100 ἔδοξα
1091 2025 1162 2102 cta]

11 2111 78 2170 Leo
94 2110 220 2170 Allstius
235 2110 271 2168 de
289 2113 396 2174 eccles.
410 2112 516 2176 Occid.
532 2123 562 2173 ct
576 2113 692 2174 orient.
710 2134 798 2194 perp.
814 2132 949 2173 consens.
964 2111 1020 2172 lib.
1037 2110 1076 2172 ll.
1094 2115 1183 2188 cap.'

12 2195 99 2256 XVI.
118 2205 189 2255 sect.
205 2199 236 2258 2.
250 2193 414 2258 'Pontificio
432 2199 557 2257 Romani
570 2198 724 2257 Benedicti
738 2198 805 2259 XII.
820 2201 858 2257 ad
870 2197 1033 2256 llobcrtum
1048 2193 1165 2253 Siciliae

14 2301 118 2358 regern
141 2279 297 2356 epistolam
314 2284 444 2364 profert,
465 2283 563 2344 datam
580 2283 732 2342 Avenionc
757 2283 809 2342 ΙΙΙ.
832 2285 898 2342 Kal.
920 2284 1001 2362 Sept.
1024 2299 1070 2338 nn.
1094 2277 1165 2336 Chr.

13 2366 267 2428 MCCCXXXlX;
286 2369 372 2444 cique
387 2369 529 2449 epistolae
545 2368 697 2446 subiungit
709 2377 775 2426 acta
789 2367 893 2427 eodem
906 2389 982 2426 anno
999 2367 1078 2424 inter
1092 2383 1165 2424 eun-

18 2451 89 2510 dem
105 2451 302 2509 Benedictum
317 2455 429 2533 Papam
450 2464 480 2513 et
501 2453 667 2514 Andronici
685 2453 812 2514 iunioris
829 2454 958 2531 legatos,
978 2452 1167 2510 Barlaamum

18 2547 49 2596 et
68 2534 254 2615 Stephanum
272 2537 453 2615 Bandnlum,
471 2541 523 2618 qui
538 2540 575 2599 de
592 2539 787 2599 ecclesiarum
801 2537 961 2598 concordis
975 2537 1072 2595 acturi
1089 2536 1167 2594 Arc·

17 2621 141 2681 nionern
157 2632 312 2684 venerant.
350 2625 502 2704 Denique,
522 2623 570 2684 his
592 2625 730 2684 omnibus
752 2625 837 2684 volut
858 2621 1073 2704 praestructis,
1092 2619 1167 2678 lrncc

17 2708 83 2788 ipsc
101 2705 186 2766 addit
210 2708 246 2766 dc
264 2727 335 2768 suo:
366 2706 534 2772 Concordia
555 2724 652 2770 tamen
673 2709 826 2770 subsecuta
848 2731 907 2770 non
929 2721 985 2785 est,
1006 2703 1169 2787 Nicephori

21 2789 173 2852 Greoorne
201 2793 302 2851 omnio
325 2808 405 2871 tum,
435 2810 462 2854 et
479 2791 594 2877 favore
621 2796 767 2878 principis
796 2809 822 2854 et
852 2791 1033 2876 eloquentiae
1062 2792 1168 2863 nervis,

18 2900 68 2937 sus
101 2883 126 2933 ”e
146 2871 237 2958 deque
257 2877 406 2939 miscentis
431 2881 616 2961 pervicacia,
647 2881 699 2963 qui
725 2875 853 2961 prolixa
880 2879 1014 2938 oratione
1032 2875 1169 2957 patriar-

19 2959 109 3022 chum
131 2962 246 3038 ipsum,
275 2961 512 3042 Dyrrhachium
532 2967 717 3046 episcopum,
746 2978 773 3022 et
792 2961 870 3023 alios
887 2958 1052 3044 perplures,
1081 2955 1169 3018 sedu-

21 3059 105 3118 ctos,
138 3047 168 3104 in
192 3069 276 3105 snam
299 3051 398 3108 traxit
418 3051 604 3126 sementiam,
638 3073 673 3108 ne
694 3046 785 3130 legati
810 3043 964 3125 Pontificis
987 3041 1168 3116 audirentur,

20 3126 301 3214 repudiarenturque
323 3135 440 3208 omnia,
472 3155 546 3215 quae
575 3130 766 3193 concordiam
788 3129 913 3191 similem
935 3126 1068 3188 stabilire
1089 3123 1170 3185 vide-

19 3229 131 3272 rentur.
175 3216 235 3275 Leo
252 3217 378 3276 Allatius
400 3228 536 3297 tempora
558 3217 728 3278 contundit.
771 3217 845 3275 Nntn
867 3215 963 3276 oratio
981 3212 1032 3270 ills
1056 3213 1170 3288 Grego-

18 3317 75 3358 ras
97 3319 157 3357 non
185 3301 224 3358 ed
246 3321 292 3362 sn.
318 3302 388 3364 Chr.
405 3303 655 3363 MCCCXXXIX.
680 3311 732 3361 sut
752 3301 920 3361 MCGGXL.
940 3299 1089 3380 partinet,
1117 3294 1171 3356 scd

21 3384 64 3444 ad
78 3403 127 3444 aa.
140 3385 386 3449 mcccxxxtlt.
406 3397 546 3470 utsupra
564 3387 678 3448 dictum
694 3396 748 3448 est.
791 3405 908 3450 norunt.

110 3489 183 3568 Pflg·
205 3493 285 3567 520,
307 3495 337 3557 8.
380 3489 444 3553 Καὶ
459 3489 479 3555 5
493 3485 655 3571 δεσπότης]
677 3487 845 3550 Andronici
863 3485 988 3548 senioris
1003 3485 1077 3564 imp.
1091 3482 1171 3544 lilius

21 3572 158 3632 secundo
180 3576 299 3652 genitus
319 3597 357 3636 ex
374 3577 459 3637 Anna
473 3578 571 3657 primu
591 3595 696 3637 uxore.
723 3573 800 3636 vide
817 3585 941 3634 stemma
955 3570 1124 3650 Pslacolog.
1142 3578 1173 3630 ct

22 3657 188 3737 scriptores
205 3659 249 3719 ibi
269 3662 418 3726 laudatos.
462 3683 593 3724 uncino.

109 3765 188 3842 Pssg·
210 3765 287 3839 523,
310 3771 340 3832 9.
385 3760 548 3846 Κόρονλον
564 3759 618 3826 τόν
634 3765 689 3843 τῆς
701 3754 824 3837 Ἰταλίας
839 3760 936 3844 ρἤα]
959 3759 1085 3819 Fallitur
1100 3759 1174 3817 Gro-

24 3867 124 3926 gorns.
154 3848 303 3910 liobertus
330 3851 408 3911 enim
427 3860 493 3910 tum
513 3849 615 3910 ltaliae
638 3848 821 3928 imperabat,
843 3868 912 3906 cum
932 3845 1053 3905 loannis
1076 3841 1172 3904 xxti.

21 3935 57 3993 P.
73 3933 109 3994 P.
127 3953 217 3993 suasu
236 3935 302 4015 ipsc
320 3957 356 3996 ac
372 3938 469 3996 Latini
485 3935 639 4016 principes
658 3935 787 3994 invicem
809 3940 1014 3993 convenerunt
1033 3928 1073 3989 sd
1089 3949 1175 3988 com-

22 4017 197 4099 primendas
219 4021 341 4080 crebras
364 4024 534 4082 'lurcorum
552 4021 582 4080 in
606 4018 845 4080 Christianorum
867 4017 996 4079 ditiones
1015 4013 1176 4076 anurnio·

23 4125 95 4178 nes,
117 4125 196 4164 antro
216 4108 443 4174 scilioct1826.
485 4126 616 4166 uncino.

114 4211 187 4286 Pssg·
210 4207 288 4284 525,
313 4213 362 4273 10.
404 4209 444 4270 01
458 4205 492 4270 di
509 4203 637 4288 Ῥόδιοι]
660 4205 768 4266 Milites
788 4204 905 4264 ordinis
925 4200 1089 4282 Hospitalis
1104 4199 1176 4260 His·

23 4291 251 4372 rosolymitani‚
290 4293 343 4372 qui
367 4292 509 4354 Rhodum
536 4313 614 4353 anno
640 4297 731 4358 1810.
760 4291 867 4351 Turcis
889 4288 1085 4350 abstulerunt.
1116 4305 1178 4344 no-

24 4397 118 4438 asna.

113 4461 190 4543 Pag-
212 4463 290 4541 525,
314 4467 363 4528 12.
403 4461 438 4526 ‘0
454 4465 516 4526 noir
537 4456 708 4525 Κυκλάδων
730 4455 835 4542 νήσων
856 4450 1068 4541 ἡγεμονεύων]
1090 4455 1180 4515 Nico-

23 4549 93 4608 laus
109 4551 252 4624 Secutus,
275 4549 327 4628 qui
342 4549 438 4623 Naxi,
459 4547 612 4608 interdum
633 4547 833 4626 Acgsopclagi
856 4547 969 4605 Ducem
991 4563 1056 4602 scss
1073 4541 1180 4600 inscri-

24 4633 127 4736 be'bst.
150 4633 227 4738 Yidc
246 4634 322 4736 ilict.
337 4635 615 4716 franco-Byzan.
630 4633 682 4700 lib.
701 4632 766 4695 Vll.
784 4654 814 4698 n.
838 4637 890 4700 20.
913 4631 996 4692 lnirs
1010 4621 1180 4694 Κυκλάδων

24 4737 135 4802 organo
150 4741 290 4804 αρχηγος.
333 4739 467 4782 nocuo.
692 4759 693 4762 =
829 4745 831 4750 ·

488 4961 502 4996 p
