<?xml version="1.0" encoding="UTF-8"?>
<!DOCTYPE html PUBLIC "-//W3C//DTD XHTML 1.0 Transitional//EN"
    "http://www.w3.org/TR/xhtml1/DTD/xhtml1-transitional.dtd">
<html xmlns="http://www.w3.org/1999/xhtml" xml:lang="en" lang="en">
 <head>
  <title>
</title>
<meta http-equiv="Content-Type" content="text/html;charset=utf-8" />
  <meta name='ocr-system' content='tesseract 3.04.00' />
  <meta name='ocr-capabilities' content='ocr_page ocr_carea ocr_par ocr_line ocrx_word'/>
</head>
<body>
  <div class='ocr_page' id='page_1' title='image "./nicephorigregor00schogoog_0699.png"; bbox 0 0 2820 4776; ppageno 0'>
   <div class='ocr_carea' id='block_1_1' title="bbox 180 263 932 350">
    <p class='ocr_par' dir='ltr' id='par_1_1' title="bbox 180 263 932 350">
     <span class='ocr_line' id='line_1_1' title="bbox 180 263 932 350; baseline -0.008 -1"><span class='ocrx_word' id='word_1_1' title='bbox 180 279 287 350; x_wconf 76' lang='lat' dir='ltr'><strong>aneo</strong></span> <span class='ocrx_word' id='word_1_2' title='bbox 377 295 380 304; x_wconf 92' lang='lat'>·</span> <span class='ocrx_word' id='word_1_3' title='bbox 572 263 932 349; x_wconf 75' lang='lat' dir='ltr'><strong>annonanonus.</strong></span> 
     </span>
    </p>
   </div>
   <div class='ocr_carea' id='block_1_2' title="bbox 186 431 1348 1894">
    <p class='ocr_par' dir='ltr' id='par_1_2' title="bbox 186 431 1348 603">
     <span class='ocr_line' id='line_1_2' title="bbox 186 431 1348 516; baseline -0.008 -16"><span class='ocrx_word' id='word_1_4' title='bbox 186 451 368 500; x_wconf 68' lang='lat' dir='ltr'><strong>neomeniam</strong></span> <span class='ocrx_word' id='word_1_5' title='bbox 385 435 423 495; x_wconf 85' lang='lat' dir='ltr'><strong>ab</strong></span> <span class='ocrx_word' id='word_1_6' title='bbox 436 433 554 496; x_wconf 83' lang='lat' dir='ltr'><strong>infimae</strong></span> <span class='ocrx_word' id='word_1_7' title='bbox 567 433 736 496; x_wconf 72' lang='lat' dir='ltr'><strong>Latinitatis</strong></span> <span class='ocrx_word' id='word_1_8' title='bbox 749 433 949 516; x_wconf 69' lang='lat' dir='ltr'><strong>scriptoribus</strong></span> <span class='ocrx_word' id='word_1_9' title='bbox 964 432 1025 493; x_wconf 90' lang='lat' dir='ltr'><strong>dici</strong></span> <span class='ocrx_word' id='word_1_10' title='bbox 1038 431 1130 493; x_wconf 77' lang='lat' dir='ltr'><strong>nolet.</strong></span> <span class='ocrx_word' id='word_1_11' title='bbox 1155 431 1348 492; x_wconf 77' lang='lat' dir='ltr'><strong>Cantncnze-</strong></span> 
     </span>
     <span class='ocr_line' id='line_1_3' title="bbox 186 519 1106 603; baseline -0.005 -15"><span class='ocrx_word' id='word_1_12' title='bbox 186 546 245 589; x_wconf 76' lang='lat' dir='ltr'><strong>nuo</strong></span> <span class='ocrx_word' id='word_1_13' title='bbox 258 523 338 586; x_wconf 77' lang='lat' dir='ltr'><strong>nist.</strong></span> <span class='ocrx_word' id='word_1_14' title='bbox 356 522 408 582; x_wconf 90' lang='lat' dir='ltr'><strong>lib.</strong></span> <span class='ocrx_word' id='word_1_15' title='bbox 425 525 449 584; x_wconf 93' lang='lat' dir='ltr'><strong>I.</strong></span> <span class='ocrx_word' id='word_1_16' title='bbox 464 542 530 603; x_wconf 86' lang='lat' dir='ltr'><strong>cap.</strong></span> <span class='ocrx_word' id='word_1_17' title='bbox 545 523 637 584; x_wconf 84' lang='lat' dir='ltr'><strong>XLII.</strong></span> <span class='ocrx_word' id='word_1_18' title='bbox 652 530 742 583; x_wconf 81' lang='lat' dir='ltr'><strong>vocat</strong></span> <span class='ocrx_word' id='word_1_19' title='bbox 760 519 953 603; x_wconf 79' lang='grc' dir='ltr'><strong><em>Τερνεμὲντα.</em></strong></span> <span class='ocrx_word' id='word_1_20' title='bbox 985 538 1106 583; x_wconf 73' lang='lat' dir='ltr'><strong>corvin.</strong></span> 
     </span>
    </p>

    <p class='ocr_par' dir='ltr' id='par_1_3' title="bbox 187 614 1347 1894">
     <span class='ocr_line' id='line_1_4' title="bbox 273 614 1347 706; baseline -0.008 -17"><span class='ocrx_word' id='word_1_21' title='bbox 273 629 351 706; x_wconf 79' lang='lat' dir='ltr'><strong>Pog.</strong></span> <span class='ocrx_word' id='word_1_22' title='bbox 372 623 451 699; x_wconf 83' lang='grc'><strong>488,</strong></span> <span class='ocrx_word' id='word_1_23' title='bbox 471 627 502 688; x_wconf 80' lang='lat'><strong>7.</strong></span> <span class='ocrx_word' id='word_1_24' title='bbox 548 618 636 687; x_wconf 74' lang='grc' dir='ltr'><strong><em>Οὕτω</em></strong></span> <span class='ocrx_word' id='word_1_25' title='bbox 655 617 709 703; x_wconf 77' lang='grc' dir='ltr'><strong>μίν</strong></span> <span class='ocrx_word' id='word_1_26' title='bbox 730 614 887 704; x_wconf 79' lang='grc' dir='ltr'><strong><em>πρότερον·</em></strong></span> <span class='ocrx_word' id='word_1_27' title='bbox 910 625 970 684; x_wconf 75' lang='grc' dir='ltr'><strong>νῦν</strong></span> <span class='ocrx_word' id='word_1_28' title='bbox 992 619 1026 684; x_wconf 81' lang='lat' dir='ltr'><strong>di</strong></span> <span class='ocrx_word' id='word_1_29' title='bbox 1048 624 1186 700; x_wconf 69' lang='grc' dir='ltr'><strong>συνεχεῖς</strong></span> <span class='ocrx_word' id='word_1_30' title='bbox 1210 617 1347 696; x_wconf 71' lang='lat' dir='ltr'><strong>ectropi-</strong></span> 
     </span>
     <span class='ocr_line' id='line_1_5' title="bbox 187 705 1345 792; baseline -0.014 -14"><span class='ocrx_word' id='word_1_31' title='bbox 187 710 266 792; x_wconf 90' lang='grc' dir='ltr'><strong><em>νου]</em></strong></span> <span class='ocrx_word' id='word_1_32' title='bbox 288 711 387 792; x_wconf 67' lang='lat' dir='ltr'><strong>Jeatia</strong></span> <span class='ocrx_word' id='word_1_33' title='bbox 402 721 448 770; x_wconf 86' lang='lat' dir='ltr'><strong>eat</strong></span> <span class='ocrx_word' id='word_1_34' title='bbox 461 709 687 768; x_wconf 81' lang='lat' dir='ltr'><strong>Contacuzenus</strong></span> <span class='ocrx_word' id='word_1_35' title='bbox 701 728 753 767; x_wconf 83' lang='lat' dir='ltr'><strong>eor</strong></span> <span class='ocrx_word' id='word_1_36' title='bbox 767 707 857 766; x_wconf 83' lang='lat' dir='ltr'><strong>ludor</strong></span> <span class='ocrx_word' id='word_1_37' title='bbox 872 727 933 766; x_wconf 89' lang='lat' dir='ltr'><strong>non</strong></span> <span class='ocrx_word' id='word_1_38' title='bbox 946 707 1038 766; x_wconf 76' lang='lat' dir='ltr'><strong>suinae</strong></span> <span class='ocrx_word' id='word_1_39' title='bbox 1053 709 1086 764; x_wconf 91' lang='lat' dir='ltr'><strong>in</strong></span> <span class='ocrx_word' id='word_1_40' title='bbox 1108 725 1168 765; x_wconf 75' lang='lat' dir='ltr'><strong>unu</strong></span> <span class='ocrx_word' id='word_1_41' title='bbox 1183 705 1272 784; x_wconf 86' lang='lat' dir='ltr'><strong>apud</strong></span> <span class='ocrx_word' id='word_1_42' title='bbox 1286 707 1345 784; x_wconf 78' lang='lat' dir='ltr'><strong>By-</strong></span> 
     </span>
     <span class='ocr_line' id='line_1_6' title="bbox 188 791 1345 874; baseline -0.008 -17"><span class='ocrx_word' id='word_1_43' title='bbox 188 799 341 873; x_wconf 70' lang='lat' dir='ltr'><strong>zantinos,</strong></span> <span class='ocrx_word' id='word_1_44' title='bbox 364 805 524 874; x_wconf 80' lang='lat' dir='ltr'><strong>antequam</strong></span> <span class='ocrx_word' id='word_1_45' title='bbox 539 793 730 854; x_wconf 75' lang='lat' dir='ltr'><strong>Andronicus</strong></span> <span class='ocrx_word' id='word_1_46' title='bbox 743 792 844 852; x_wconf 85' lang='lat' dir='ltr'><strong>iunior</strong></span> <span class='ocrx_word' id='word_1_47' title='bbox 861 811 988 852; x_wconf 87' lang='lat' dir='ltr'><strong>uxorem</strong></span> <span class='ocrx_word' id='word_1_48' title='bbox 1004 791 1144 850; x_wconf 81' lang='lat' dir='ltr'><strong>duxiaeet</strong></span> <span class='ocrx_word' id='word_1_49' title='bbox 1160 793 1283 849; x_wconf 83' lang='lat' dir='ltr'><strong>Annam</strong></span> <span class='ocrx_word' id='word_1_50' title='bbox 1298 794 1345 849; x_wconf 82' lang='lat' dir='ltr'><strong>Sa-</strong></span> 
     </span>
     <span class='ocr_line' id='line_1_7' title="bbox 188 869 1346 960; baseline -0.007 -16"><span class='ocrx_word' id='word_1_51' title='bbox 188 882 331 944; x_wconf 88' lang='lat' dir='ltr'><strong>baudam.</strong></span> <span class='ocrx_word' id='word_1_52' title='bbox 377 873 431 942; x_wconf 77' lang='lat' dir='ltr'><strong>&#39;En</strong></span> <span class='ocrx_word' id='word_1_53' title='bbox 458 877 560 960; x_wconf 73' lang='grc' dir='ltr'><strong><em>μέντοι</em></strong></span> <span class='ocrx_word' id='word_1_54' title='bbox 587 879 744 959; x_wconf 80' lang='grc' dir='ltr'><strong>Σαβαίας,</strong></span> <span class='ocrx_word' id='word_1_55' title='bbox 775 878 888 956; x_wconf 85' lang='lat' dir='ltr'><strong>inquit,</strong></span> <span class='ocrx_word' id='word_1_56' title='bbox 914 871 972 942; x_wconf 78' lang='grc' dir='ltr'><strong><em>ου’ττ</em></strong></span> <span class='ocrx_word' id='word_1_57' title='bbox 998 869 1092 956; x_wconf 77' lang='grc' dir='ltr'><em>ὀλίγοι</em></span> <span class='ocrx_word' id='word_1_58' title='bbox 1112 879 1177 937; x_wconf 75' lang='lat' dir='ltr'><strong>noio</strong></span> <span class='ocrx_word' id='word_1_59' title='bbox 1209 872 1346 956; x_wconf 71' lang='grc' dir='ltr'><strong>εὐπατρι-</strong></span> 
     </span>
     <span class='ocr_line' id='line_1_8' title="bbox 191 957 1346 1045; baseline -0.01 -14"><span class='ocrx_word' id='word_1_60' title='bbox 191 971 256 1032; x_wconf 76' lang='lat' dir='ltr'><strong>doiv</strong></span> <span class='ocrx_word' id='word_1_61' title='bbox 278 968 321 1040; x_wconf 83' lang='grc' dir='ltr'><strong>είς</strong></span> <span class='ocrx_word' id='word_1_62' title='bbox 342 961 398 1044; x_wconf 67' lang='grc' dir='ltr'><strong>τήν</strong></span> <span class='ocrx_word' id='word_1_63' title='bbox 417 961 569 1045; x_wconf 82' lang='grc' dir='ltr'><strong><em>Ῥωμαίων</em></strong></span> <span class='ocrx_word' id='word_1_64' title='bbox 590 957 812 1043; x_wconf 69' lang='grc' dir='ltr'><strong><em>ἀφικνούμενοι</em></strong></span> <span class='ocrx_word' id='word_1_65' title='bbox 825 1007 833 1024; x_wconf 91' lang='grc'><strong>.</strong></span> <span class='ocrx_word' id='word_1_66' title='bbox 845 1012 851 1025; x_wconf 94' lang='grc'><strong>.</strong></span> <span class='ocrx_word' id='word_1_67' title='bbox 862 1011 869 1025; x_wconf 95' lang='grc'><strong>.</strong></span> <span class='ocrx_word' id='word_1_68' title='bbox 881 1009 887 1024; x_wconf 91' lang='grc'><strong><em>.</em></strong></span> <span class='ocrx_word' id='word_1_69' title='bbox 901 959 958 1043; x_wconf 69' lang='grc' dir='ltr'><strong>τήν</strong></span> <span class='ocrx_word' id='word_1_70' title='bbox 976 960 1145 1043; x_wconf 80' lang='grc' dir='ltr'><strong><em>λεγομένην</em></strong></span> <span class='ocrx_word' id='word_1_71' title='bbox 1161 963 1346 1038; x_wconf 76' lang='grc' dir='ltr'><strong><em>Τζουυτοίαν</em></strong></span> 
     </span>
     <span class='ocr_line' id='line_1_9' title="bbox 190 1038 1346 1131; baseline -0.006 -18"><span class='ocrx_word' id='word_1_72' title='bbox 190 1052 243 1120; x_wconf 78' lang='grc' dir='ltr'><strong>καί</strong></span> <span class='ocrx_word' id='word_1_73' title='bbox 263 1049 301 1113; x_wconf 70' lang='lat' dir='ltr'><strong>rc*</strong></span> <span class='ocrx_word' id='word_1_74' title='bbox 326 1047 510 1131; x_wconf 79' lang='grc' dir='ltr'><strong><em>Τερνεμίυτα</em></strong></span> <span class='ocrx_word' id='word_1_75' title='bbox 531 1043 617 1111; x_wconf 74' lang='lat' dir='ltr'><strong>odoni</strong></span> <span class='ocrx_word' id='word_1_76' title='bbox 645 1052 757 1126; x_wconf 69' lang='grc' dir='ltr'><strong><em>πρῶτον</em></strong></span> <span class='ocrx_word' id='word_1_77' title='bbox 787 1047 927 1124; x_wconf 73' lang='grc' dir='ltr'><strong>ἐδίδαξαν</strong></span> <span class='ocrx_word' id='word_1_78' title='bbox 951 1045 1129 1126; x_wconf 82' lang='grc' dir='ltr'><em>Ῥωμαίους,</em></span> <span class='ocrx_word' id='word_1_79' title='bbox 1162 1044 1258 1108; x_wconf 82' lang='grc' dir='ltr'><strong><em>οὕττοο</em></strong></span> <span class='ocrx_word' id='word_1_80' title='bbox 1280 1038 1346 1124; x_wconf 75' lang='grc' dir='ltr'><strong><em>πρί-</em></strong></span> 
     </span>
     <span class='ocr_line' id='line_1_10' title="bbox 191 1127 1346 1218; baseline -0.009 -18"><span class='ocrx_word' id='word_1_81' title='bbox 191 1159 279 1218; x_wconf 76' lang='grc' dir='ltr'><strong><em>ττρον</em></strong></span> <span class='ocrx_word' id='word_1_82' title='bbox 301 1134 452 1215; x_wconf 74' lang='grc' dir='ltr'><strong><em>περὶτῶν</em></strong></span> <span class='ocrx_word' id='word_1_83' title='bbox 473 1128 619 1197; x_wconf 76' lang='grc' dir='ltr'><strong><em>τοιούτων</em></strong></span> <span class='ocrx_word' id='word_1_84' title='bbox 642 1128 759 1208; x_wconf 77' lang='grc' dir='ltr'>εἰδότας</span> <span class='ocrx_word' id='word_1_85' title='bbox 780 1127 879 1196; x_wconf 73' lang='grc' dir='ltr'><strong><em>οὐδέν.</em></strong></span> <span class='ocrx_word' id='word_1_86' title='bbox 924 1133 1008 1191; x_wconf 87' lang='lat' dir='ltr'><strong>Unde</strong></span> <span class='ocrx_word' id='word_1_87' title='bbox 1024 1131 1168 1212; x_wconf 71' lang='lat' dir='ltr'><strong>auspicor</strong></span> <span class='ocrx_word' id='word_1_88' title='bbox 1182 1131 1346 1208; x_wconf 82' lang='lat' dir='ltr'><strong>legendum</strong></span> 
     </span>
     <span class='ocr_line' id='line_1_11' title="bbox 193 1211 1346 1298; baseline -0.003 -16"><span class='ocrx_word' id='word_1_89' title='bbox 193 1241 258 1286; x_wconf 80' lang='lat' dir='ltr'><strong>eoae</strong></span> <span class='ocrx_word' id='word_1_90' title='bbox 273 1216 332 1278; x_wconf 89' lang='lat' dir='ltr'><strong>hoc</strong></span> <span class='ocrx_word' id='word_1_91' title='bbox 348 1221 418 1278; x_wconf 88' lang='lat' dir='ltr'><strong>loco</strong></span> <span class='ocrx_word' id='word_1_92' title='bbox 435 1219 515 1298; x_wconf 86' lang='lat' dir='ltr'><strong>apud</strong></span> <span class='ocrx_word' id='word_1_93' title='bbox 536 1218 717 1298; x_wconf 81' lang='lat' dir='ltr'><strong>Gregoram‚</strong></span> <span class='ocrx_word' id='word_1_94' title='bbox 738 1211 848 1280; x_wconf 78' lang='grc' dir='ltr'><strong><em>τούτου</em></strong></span> <span class='ocrx_word' id='word_1_95' title='bbox 870 1219 975 1281; x_wconf 90' lang='grc' dir='ltr'><strong><em>τοίνυν</em></strong></span> <span class='ocrx_word' id='word_1_96' title='bbox 996 1214 1082 1280; x_wconf 79' lang='grc' dir='ltr'><strong><em>οὔπω</em></strong></span> <span class='ocrx_word' id='word_1_97' title='bbox 1104 1213 1164 1296; x_wconf 76' lang='grc' dir='ltr'><strong>μὲν</strong></span> <span class='ocrx_word' id='word_1_98' title='bbox 1184 1212 1346 1298; x_wconf 77' lang='grc' dir='ltr'><strong><em>πρότερον,</em></strong></span> 
     </span>
     <span class='ocr_line' id='line_1_12' title="bbox 193 1301 1346 1387; baseline -0.01 -17"><span class='ocrx_word' id='word_1_99' title='bbox 193 1311 253 1370; x_wconf 80' lang='grc' dir='ltr'><strong>νῦν</strong></span> <span class='ocrx_word' id='word_1_100' title='bbox 269 1301 301 1366; x_wconf 78' lang='grc' dir='ltr'><strong>ὀί</strong></span> <span class='ocrx_word' id='word_1_101' title='bbox 317 1306 448 1384; x_wconf 75' lang='grc' dir='ltr'><strong><em>συνεχοίς</em></strong></span> <span class='ocrx_word' id='word_1_102' title='bbox 462 1303 658 1386; x_wconf 77' lang='grc' dir='ltr'><strong><em>τελουμένου,</em></strong></span> <span class='ocrx_word' id='word_1_103' title='bbox 680 1303 790 1379; x_wconf 81' lang='lat' dir='ltr'><strong>idest,</strong></span> <span class='ocrx_word' id='word_1_104' title='bbox 816 1301 873 1364; x_wconf 83' lang='grc' dir='ltr'><strong><em>ίιοο</em></strong></span> <span class='ocrx_word' id='word_1_105' title='bbox 894 1304 994 1387; x_wconf 76' lang='lat' dir='ltr'><strong>itaque</strong></span> <span class='ocrx_word' id='word_1_106' title='bbox 1014 1316 1163 1362; x_wconf 76' lang='lat' dir='ltr'><strong>certamen</strong></span> <span class='ocrx_word' id='word_1_107' title='bbox 1194 1323 1346 1384; x_wconf 80' lang='lat' dir='ltr'><strong>nunpaorn</strong></span> 
     </span>
     <span class='ocr_line' id='line_1_13' title="bbox 190 1384 1346 1471; baseline -0.005 -21"><span class='ocrx_word' id='word_1_108' title='bbox 190 1385 336 1470; x_wconf 72' lang='lat' dir='ltr'><strong>&#39;superiori</strong></span> <span class='ocrx_word' id='word_1_109' title='bbox 362 1403 475 1463; x_wconf 74' lang='lat' dir='ltr'><strong>aetate,</strong></span> <span class='ocrx_word' id='word_1_110' title='bbox 506 1403 538 1449; x_wconf 85' lang='lat' dir='ltr'><strong>ot</strong></span> <span class='ocrx_word' id='word_1_111' title='bbox 559 1411 638 1449; x_wconf 85' lang='lat' dir='ltr'><strong>nunc</strong></span> <span class='ocrx_word' id='word_1_112' title='bbox 663 1385 795 1471; x_wconf 79' lang='lat' dir='ltr'><strong>quotidie</strong></span> <span class='ocrx_word' id='word_1_113' title='bbox 815 1385 958 1448; x_wconf 79' lang='lat' dir='ltr'><strong>celebrari</strong></span> <span class='ocrx_word' id='word_1_114' title='bbox 980 1384 1110 1447; x_wconf 74' lang='lat' dir='ltr'><strong>solitum.</strong></span> <span class='ocrx_word' id='word_1_115' title='bbox 1160 1386 1226 1446; x_wconf 78' lang='lat' dir='ltr'><strong>Nec</strong></span> <span class='ocrx_word' id='word_1_116' title='bbox 1250 1387 1346 1446; x_wconf 77' lang='lat' dir='ltr'><strong>obstat</strong></span> 
     </span>
     <span class='ocr_line' id='line_1_14' title="bbox 194 1469 1345 1556; baseline -0.004 -23"><span class='ocrx_word' id='word_1_117' title='bbox 194 1475 276 1553; x_wconf 88' lang='lat' dir='ltr'><strong>quod</strong></span> <span class='ocrx_word' id='word_1_118' title='bbox 295 1473 374 1532; x_wconf 87' lang='lat' dir='ltr'><strong>idem</strong></span> <span class='ocrx_word' id='word_1_119' title='bbox 395 1473 543 1552; x_wconf 81' lang='lat' dir='ltr'><strong>Gregoras</strong></span> <span class='ocrx_word' id='word_1_120' title='bbox 558 1494 648 1553; x_wconf 85' lang='lat' dir='ltr'><strong>aupra</strong></span> <span class='ocrx_word' id='word_1_121' title='bbox 671 1473 743 1550; x_wconf 86' lang='lat' dir='ltr'><strong>(hoc</strong></span> <span class='ocrx_word' id='word_1_122' title='bbox 759 1493 824 1554; x_wconf 88' lang='lat' dir='ltr'><strong>cap.</strong></span> <span class='ocrx_word' id='word_1_123' title='bbox 843 1483 915 1532; x_wconf 76' lang='lat' dir='ltr'><strong>sect.</strong></span> <span class='ocrx_word' id='word_1_124' title='bbox 933 1469 976 1556; x_wconf 93' lang='lat'><strong>1.)</strong></span> <span class='ocrx_word' id='word_1_125' title='bbox 995 1471 1122 1548; x_wconf 83' lang='lat' dir='ltr'><strong>dixerit,</strong></span> <span class='ocrx_word' id='word_1_126' title='bbox 1147 1472 1274 1552; x_wconf 71' lang='lat' dir='ltr'><strong>saepias</strong></span> <span class='ocrx_word' id='word_1_127' title='bbox 1289 1475 1345 1530; x_wconf 79' lang='lat' dir='ltr'><strong>iana</strong></span> 
     </span>
     <span class='ocr_line' id='line_1_15' title="bbox 194 1555 1347 1642; baseline -0.003 -24"><span class='ocrx_word' id='word_1_128' title='bbox 194 1573 283 1618; x_wconf 79' lang='lat' dir='ltr'><strong>anteo</strong></span> <span class='ocrx_word' id='word_1_129' title='bbox 298 1555 412 1618; x_wconf 81' lang='lat' dir='ltr'><strong>eoadem</strong></span> <span class='ocrx_word' id='word_1_130' title='bbox 429 1556 517 1620; x_wconf 71' lang='lat' dir='ltr'><strong>ludos</strong></span> <span class='ocrx_word' id='word_1_131' title='bbox 526 1557 629 1642; x_wconf 76' lang='lat' dir='ltr'><strong>saissa</strong></span> <span class='ocrx_word' id='word_1_132' title='bbox 643 1557 681 1617; x_wconf 79' lang='lat' dir='ltr'><strong>ab</strong></span> <span class='ocrx_word' id='word_1_133' title='bbox 696 1555 876 1619; x_wconf 81' lang='lat' dir='ltr'><strong>Andronico</strong></span> <span class='ocrx_word' id='word_1_134' title='bbox 897 1555 1000 1621; x_wconf 77' lang='lat' dir='ltr'><strong>editor.</strong></span> <span class='ocrx_word' id='word_1_135' title='bbox 1032 1557 1106 1615; x_wconf 84' lang='lat' dir='ltr'><strong>Nam</strong></span> <span class='ocrx_word' id='word_1_136' title='bbox 1122 1557 1216 1632; x_wconf 89' lang='lat' dir='ltr'><strong>illud,</strong></span> <span class='ocrx_word' id='word_1_137' title='bbox 1235 1558 1347 1636; x_wconf 70' lang='lat' dir='ltr'><strong>saepiae</strong></span> 
     </span>
     <span class='ocr_line' id='line_1_16' title="bbox 195 1641 1345 1724; baseline -0.003 -22"><span class='ocrx_word' id='word_1_138' title='bbox 195 1644 254 1702; x_wconf 81' lang='lat' dir='ltr'><strong>iam</strong></span> <span class='ocrx_word' id='word_1_139' title='bbox 269 1657 367 1718; x_wconf 81' lang='lat' dir='ltr'><strong>anteo,</strong></span> <span class='ocrx_word' id='word_1_140' title='bbox 389 1664 450 1706; x_wconf 84' lang='lat' dir='ltr'><strong>non</strong></span> <span class='ocrx_word' id='word_1_141' title='bbox 466 1651 597 1724; x_wconf 73' lang='lat' dir='ltr'><strong>pertinet</strong></span> <span class='ocrx_word' id='word_1_142' title='bbox 612 1644 649 1702; x_wconf 89' lang='lat' dir='ltr'><strong>ad</strong></span> <span class='ocrx_word' id='word_1_143' title='bbox 665 1643 823 1722; x_wconf 76' lang='lat' dir='ltr'><strong>superiora</strong></span> <span class='ocrx_word' id='word_1_144' title='bbox 839 1644 966 1719; x_wconf 73' lang='lat' dir='ltr'><strong>caecula,</strong></span> <span class='ocrx_word' id='word_1_145' title='bbox 990 1641 1044 1702; x_wconf 79' lang='lat' dir='ltr'><strong>red</strong></span> <span class='ocrx_word' id='word_1_146' title='bbox 1060 1641 1097 1699; x_wconf 89' lang='lat' dir='ltr'><strong>ad</strong></span> <span class='ocrx_word' id='word_1_147' title='bbox 1115 1641 1217 1721; x_wconf 72' lang='lat' dir='ltr'><strong>ipsius</strong></span> <span class='ocrx_word' id='word_1_148' title='bbox 1236 1643 1345 1719; x_wconf 83' lang='lat' dir='ltr'><strong>Grego-</strong></span> 
     </span>
     <span class='ocr_line' id='line_1_17' title="bbox 195 1723 1346 1810; baseline -0.008 -16"><span class='ocrx_word' id='word_1_149' title='bbox 195 1747 249 1787; x_wconf 66' lang='lat'><strong>1110</strong></span> <span class='ocrx_word' id='word_1_150' title='bbox 270 1737 404 1787; x_wconf 59' lang='lat' dir='ltr'><strong>notitiem·</strong></span> <span class='ocrx_word' id='word_1_151' title='bbox 450 1725 544 1794; x_wconf 77' lang='grc' dir='ltr'>Οὕπω</span> <span class='ocrx_word' id='word_1_152' title='bbox 567 1731 596 1787; x_wconf 91' lang='lat' dir='ltr'><strong>in</strong></span> <span class='ocrx_word' id='word_1_153' title='bbox 617 1723 696 1790; x_wconf 71' lang='grc' dir='ltr'><strong><em>οὕτω</em></strong></span> <span class='ocrx_word' id='word_1_154' title='bbox 716 1737 863 1788; x_wconf 84' lang='lat' dir='ltr'><strong>mutatum</strong></span> <span class='ocrx_word' id='word_1_155' title='bbox 883 1727 1041 1810; x_wconf 70' lang='lat' dir='ltr'><strong>pascimin</strong></span> <span class='ocrx_word' id='word_1_156' title='bbox 1061 1726 1225 1785; x_wconf 79' lang='lat' dir='ltr'><strong>codicibus</strong></span> <span class='ocrx_word' id='word_1_157' title='bbox 1248 1745 1346 1786; x_wconf 86' lang='lat' dir='ltr'><strong>manu·</strong></span> 
     </span>
     <span class='ocr_line' id='line_1_18' title="bbox 196 1811 1267 1894; baseline 0.002 -24"><span class='ocrx_word' id='word_1_158' title='bbox 196 1811 317 1890; x_wconf 72' lang='lat' dir='ltr'><strong>scriptia</strong></span> <span class='ocrx_word' id='word_1_159' title='bbox 331 1813 474 1874; x_wconf 87' lang='lat' dir='ltr'><strong>occurrit.</strong></span> <span class='ocrx_word' id='word_1_160' title='bbox 496 1814 571 1872; x_wconf 82' lang='lat' dir='ltr'><strong>Vide</strong></span> <span class='ocrx_word' id='word_1_161' title='bbox 588 1813 639 1877; x_wconf 91' lang='lat' dir='ltr'><strong>Iib.</strong></span> <span class='ocrx_word' id='word_1_162' title='bbox 656 1813 749 1875; x_wconf 89' lang='lat' dir='ltr'><strong>XVII.</strong></span> <span class='ocrx_word' id='word_1_163' title='bbox 766 1813 844 1872; x_wconf 83' lang='lat' dir='ltr'><strong>infra</strong></span> <span class='ocrx_word' id='word_1_164' title='bbox 859 1834 924 1894; x_wconf 88' lang='lat' dir='ltr'><strong>cap.</strong></span> <span class='ocrx_word' id='word_1_165' title='bbox 939 1813 975 1872; x_wconf 90' lang='lat' dir='ltr'><strong>II.</strong></span> <span class='ocrx_word' id='word_1_166' title='bbox 993 1821 1065 1871; x_wconf 78' lang='lat' dir='ltr'><strong>nect.</strong></span> <span class='ocrx_word' id='word_1_167' title='bbox 1081 1819 1107 1876; x_wconf 87' lang='lat' dir='ltr'><strong>I.</strong></span> <span class='ocrx_word' id='word_1_168' title='bbox 1138 1832 1267 1874; x_wconf 68' lang='lat' dir='ltr'><strong>nomn.</strong></span> 
     </span>
    </p>
   </div>
   <div class='ocr_carea' id='block_1_3' title="bbox 195 1909 1344 2078">
    <p class='ocr_par' dir='ltr' id='par_1_4' title="bbox 195 1909 1344 2078">
     <span class='ocr_line' id='line_1_19' title="bbox 280 1909 1344 2000; baseline 0.002 -28"><span class='ocrx_word' id='word_1_169' title='bbox 280 1909 354 1994; x_wconf 77' lang='lat' dir='ltr'><strong>Pop.</strong></span> <span class='ocrx_word' id='word_1_170' title='bbox 375 1915 453 1992; x_wconf 80' lang='grc'><strong>483,</strong></span> <span class='ocrx_word' id='word_1_171' title='bbox 477 1920 526 1982; x_wconf 87' lang='grc'><strong>13.</strong></span> <span class='ocrx_word' id='word_1_172' title='bbox 570 1909 780 2000; x_wconf 72' lang='grc' dir='ltr'><strong><em>Ἀυίγκίητον]</em></strong></span> <span class='ocrx_word' id='word_1_173' title='bbox 805 1913 881 1975; x_wconf 88' lang='lat' dir='ltr'><strong>Vide</strong></span> <span class='ocrx_word' id='word_1_174' title='bbox 901 1916 1027 1976; x_wconf 85' lang='lat' dir='ltr'><strong>eandem</strong></span> <span class='ocrx_word' id='word_1_175' title='bbox 1051 1913 1267 1980; x_wconf 79' lang='lat' dir='ltr'><strong>dissertation.</strong></span> <span class='ocrx_word' id='word_1_176' title='bbox 1283 1913 1344 1975; x_wconf 91' lang='lat' dir='ltr'><strong>VII.</strong></span> 
     </span>
     <span class='ocr_line' id='line_1_20' title="bbox 195 2001 618 2078; baseline 0.005 -21"><span class='ocrx_word' id='word_1_177' title='bbox 195 2017 262 2078; x_wconf 74' lang='lat' dir='ltr'><strong>pag.</strong></span> <span class='ocrx_word' id='word_1_178' title='bbox 281 2001 352 2064; x_wconf 83' lang='lat'><strong>169.</strong></span> <span class='ocrx_word' id='word_1_179' title='bbox 374 2004 444 2070; x_wconf 83' lang='lat'><strong>170.</strong></span> <span class='ocrx_word' id='word_1_180' title='bbox 486 2021 618 2065; x_wconf 77' lang='lat' dir='ltr'><strong>occano.</strong></span> 
     </span>
    </p>
   </div>
   <div class='ocr_carea' id='block_1_4' title="bbox 197 2096 1347 2352">
    <p class='ocr_par' dir='ltr' id='par_1_5' title="bbox 197 2096 1347 2352">
     <span class='ocr_line' id='line_1_21' title="bbox 282 2096 1345 2180; baseline -0.004 -17"><span class='ocrx_word' id='word_1_181' title='bbox 282 2103 359 2180; x_wconf 81' lang='lat' dir='ltr'><strong>Pog.</strong></span> <span class='ocrx_word' id='word_1_182' title='bbox 382 2100 460 2177; x_wconf 87' lang='grc'><strong>483,</strong></span> <span class='ocrx_word' id='word_1_183' title='bbox 482 2107 535 2168; x_wconf 78' lang='lat'><strong>21.</strong></span> <span class='ocrx_word' id='word_1_184' title='bbox 585 2096 707 2164; x_wconf 74' lang='grc' dir='ltr'><strong><em>Τούτων</em></strong></span> <span class='ocrx_word' id='word_1_185' title='bbox 723 2100 844 2180; x_wconf 85' lang='grc' dir='ltr'><strong><em>τοίνυν]</em></strong></span> <span class='ocrx_word' id='word_1_186' title='bbox 875 2103 917 2162; x_wconf 84' lang='lat' dir='ltr'><strong>Dc</strong></span> <span class='ocrx_word' id='word_1_187' title='bbox 942 2099 1003 2161; x_wconf 88' lang='lat' dir='ltr'><strong>hoc</strong></span> <span class='ocrx_word' id='word_1_188' title='bbox 1023 2109 1166 2180; x_wconf 80' lang='lat' dir='ltr'><strong>suscepto</strong></span> <span class='ocrx_word' id='word_1_189' title='bbox 1187 2101 1274 2160; x_wconf 84' lang='lat' dir='ltr'><strong>bello</strong></span> <span class='ocrx_word' id='word_1_190' title='bbox 1301 2097 1345 2159; x_wconf 87' lang='lat' dir='ltr'><strong>ad-</strong></span> 
     </span>
     <span class='ocr_line' id='line_1_22' title="bbox 198 2185 1347 2264; baseline -0.001 -19"><span class='ocrx_word' id='word_1_191' title='bbox 198 2204 305 2245; x_wconf 79' lang='lat' dir='ltr'><strong>veroua</strong></span> <span class='ocrx_word' id='word_1_192' title='bbox 326 2185 529 2246; x_wconf 78' lang='lat' dir='ltr'><strong>Alexandrum</strong></span> <span class='ocrx_word' id='word_1_193' title='bbox 552 2187 751 2264; x_wconf 81' lang='lat' dir='ltr'><strong>Bulgarorum</strong></span> <span class='ocrx_word' id='word_1_194' title='bbox 773 2207 872 2264; x_wconf 81' lang='lat' dir='ltr'><strong>regam</strong></span> <span class='ocrx_word' id='word_1_195' title='bbox 894 2186 930 2246; x_wconf 89' lang='lat' dir='ltr'><strong>ab</strong></span> <span class='ocrx_word' id='word_1_196' title='bbox 950 2186 1125 2247; x_wconf 83' lang='lat' dir='ltr'><strong>Andronico</strong></span> <span class='ocrx_word' id='word_1_197' title='bbox 1147 2186 1290 2262; x_wconf 88' lang='lat' dir='ltr'><strong>iuniore,</strong></span> <span class='ocrx_word' id='word_1_198' title='bbox 1320 2192 1347 2244; x_wconf 86' lang='lat' dir='ltr'><strong>ct</strong></span> 
     </span>
     <span class='ocr_line' id='line_1_23' title="bbox 197 2269 1329 2352; baseline 0 -22"><span class='ocrx_word' id='word_1_199' title='bbox 197 2290 273 2352; x_wconf 59' lang='lat' dir='ltr'><strong>,paco</strong></span> <span class='ocrx_word' id='word_1_200' title='bbox 289 2270 375 2346; x_wconf 86' lang='lat' dir='ltr'><strong>inita,</strong></span> <span class='ocrx_word' id='word_1_201' title='bbox 397 2271 459 2350; x_wconf 83' lang='lat' dir='ltr'><strong>agit</strong></span> <span class='ocrx_word' id='word_1_202' title='bbox 475 2270 700 2332; x_wconf 84' lang='lat' dir='ltr'><strong>Cantacuzenua</strong></span> <span class='ocrx_word' id='word_1_203' title='bbox 713 2269 767 2330; x_wconf 90' lang='lat' dir='ltr'><strong>lib.</strong></span> <span class='ocrx_word' id='word_1_204' title='bbox 783 2272 821 2332; x_wconf 95' lang='lat' dir='ltr'><strong>II.</strong></span> <span class='ocrx_word' id='word_1_205' title='bbox 839 2293 902 2352; x_wconf 91' lang='lat' dir='ltr'><strong>cap.</strong></span> <span class='ocrx_word' id='word_1_206' title='bbox 917 2273 1028 2332; x_wconf 92' lang='lat' dir='ltr'><strong>XXVI.</strong></span> <span class='ocrx_word' id='word_1_207' title='bbox 1043 2271 1167 2331; x_wconf 90' lang='lat' dir='ltr'><strong>XXVII.</strong></span> <span class='ocrx_word' id='word_1_208' title='bbox 1197 2291 1329 2331; x_wconf 78' lang='lat' dir='ltr'><strong>occano.</strong></span> 
     </span>
    </p>
   </div>
   <div class='ocr_carea' id='block_1_5' title="bbox 195 2370 1347 2688">
    <p class='ocr_par' dir='ltr' id='par_1_6' title="bbox 195 2370 1347 2688">
     <span class='ocr_line' id='line_1_24' title="bbox 286 2370 1346 2456; baseline -0.003 -20"><span class='ocrx_word' id='word_1_209' title='bbox 286 2375 359 2452; x_wconf 72' lang='lat' dir='ltr'><strong>Pag·</strong></span> <span class='ocrx_word' id='word_1_210' title='bbox 380 2370 459 2449; x_wconf 81' lang='lat'><strong>486,</strong></span> <span class='ocrx_word' id='word_1_211' title='bbox 481 2378 532 2438; x_wconf 80' lang='lat'><strong>20.</strong></span> <span class='ocrx_word' id='word_1_212' title='bbox 576 2371 610 2435; x_wconf 89' lang='lat'><strong>‘0</strong></span> <span class='ocrx_word' id='word_1_213' title='bbox 630 2376 688 2436; x_wconf 76' lang='lat' dir='ltr'><strong>nori</strong></span> <span class='ocrx_word' id='word_1_214' title='bbox 702 2375 856 2454; x_wconf 83' lang='grc' dir='ltr'><strong><em>Καίσαρος</em></strong></span> <span class='ocrx_word' id='word_1_215' title='bbox 873 2371 927 2456; x_wconf 79' lang='grc' dir='ltr'><strong>μίν</strong></span> <span class='ocrx_word' id='word_1_216' title='bbox 951 2372 1035 2454; x_wconf 72' lang='grc' dir='ltr'><strong><em>υἱός]</em></strong></span> <span class='ocrx_word' id='word_1_217' title='bbox 1059 2375 1183 2434; x_wconf 80' lang='lat' dir='ltr'><strong>Ioannis</strong></span> <span class='ocrx_word' id='word_1_218' title='bbox 1198 2376 1346 2436; x_wconf 83' lang='lat' dir='ltr'><strong>Palaeolo-</strong></span> 
     </span>
     <span class='ocr_line' id='line_1_25' title="bbox 200 2455 1346 2539; baseline 0.004 -25"><span class='ocrx_word' id='word_1_219' title='bbox 200 2455 245 2534; x_wconf 85' lang='lat' dir='ltr'><strong>gi,</strong></span> <span class='ocrx_word' id='word_1_220' title='bbox 268 2456 354 2514; x_wconf 83' lang='lat' dir='ltr'><strong>cuiue</strong></span> <span class='ocrx_word' id='word_1_221' title='bbox 376 2477 466 2537; x_wconf 79' lang='lat' dir='ltr'><strong>cupra</strong></span> <span class='ocrx_word' id='word_1_222' title='bbox 489 2458 623 2518; x_wconf 85' lang='lat' dir='ltr'><strong>meminit</strong></span> <span class='ocrx_word' id='word_1_223' title='bbox 644 2457 697 2520; x_wconf 89' lang='lat' dir='ltr'><strong>lib.</strong></span> <span class='ocrx_word' id='word_1_224' title='bbox 719 2459 772 2518; x_wconf 89' lang='lat' dir='ltr'><strong>IX.</strong></span> <span class='ocrx_word' id='word_1_225' title='bbox 796 2479 862 2539; x_wconf 85' lang='lat' dir='ltr'><strong>cap.</strong></span> <span class='ocrx_word' id='word_1_226' title='bbox 883 2460 1022 2522; x_wconf 91' lang='lat' dir='ltr'><strong>XXXVI.</strong></span> <span class='ocrx_word' id='word_1_227' title='bbox 1041 2459 1137 2534; x_wconf 78' lang='lat' dir='ltr'><strong>filiun,</strong></span> <span class='ocrx_word' id='word_1_228' title='bbox 1162 2460 1346 2521; x_wconf 82' lang='lat' dir='ltr'><strong>Conatontioi</strong></span> 
     </span>
     <span class='ocr_line' id='line_1_26' title="bbox 195 2539 1347 2688; baseline -0.002 -82"><span class='ocrx_word' id='word_1_229' title='bbox 195 2539 451 2688; x_wconf 45' lang='lat' dir='ltr'><strong>fplzpbyggpgrigi</strong></span> <span class='ocrx_word' id='word_1_230' title='bbox 464 2541 619 2607; x_wconf 71' lang='lat' dir='ltr'><strong>tuchaelia</strong></span> <span class='ocrx_word' id='word_1_231' title='bbox 638 2544 711 2625; x_wconf 85' lang='lat' dir='ltr'><strong>imp.</strong></span> <span class='ocrx_word' id='word_1_232' title='bbox 727 2543 781 2604; x_wconf 89' lang='lat' dir='ltr'><strong>filii</strong></span> <span class='ocrx_word' id='word_1_233' title='bbox 797 2565 899 2624; x_wconf 75' lang='lat' dir='ltr'><strong>nepot.</strong></span> <span class='ocrx_word' id='word_1_234' title='bbox 924 2545 998 2606; x_wconf 87' lang='lat' dir='ltr'><strong>Vide</strong></span> <span class='ocrx_word' id='word_1_235' title='bbox 1011 2553 1140 2606; x_wconf 71' lang='lat' dir='ltr'><strong>&#39;stemma</strong></span> <span class='ocrx_word' id='word_1_236' title='bbox 1152 2547 1347 2626; x_wconf 79' lang='lat' dir='ltr'><strong>Palaaoiogo·</strong></span> 
     </span>
    </p>
   </div>
   <div class='ocr_carea' id='block_1_6' title="bbox 200 2725 1346 2894">
    <p class='ocr_par' dir='ltr' id='par_1_7' title="bbox 200 2725 1346 2894">
     <span class='ocr_line' id='line_1_27' title="bbox 285 2725 1346 2816; baseline 0.004 -28"><span class='ocrx_word' id='word_1_237' title='bbox 285 2726 362 2809; x_wconf 77' lang='lat' dir='ltr'><strong>Pap.</strong></span> <span class='ocrx_word' id='word_1_238' title='bbox 385 2729 466 2808; x_wconf 80' lang='grc'><strong>488,</strong></span> <span class='ocrx_word' id='word_1_239' title='bbox 487 2728 539 2796; x_wconf 72' lang='grc'><strong>84.</strong></span> <span class='ocrx_word' id='word_1_240' title='bbox 581 2727 615 2792; x_wconf 87' lang='lat'><strong>‘0</strong></span> <span class='ocrx_word' id='word_1_241' title='bbox 637 2727 670 2794; x_wconf 87' lang='lat' dir='ltr'><strong>di</strong></span> <span class='ocrx_word' id='word_1_242' title='bbox 689 2751 723 2816; x_wconf 75' lang='grc' dir='ltr'><strong>γε</strong></span> <span class='ocrx_word' id='word_1_243' title='bbox 744 2725 955 2814; x_wconf 78' lang='grc' dir='ltr'><strong><em>Συργτοίννης]</em></strong></span> <span class='ocrx_word' id='word_1_244' title='bbox 986 2733 1218 2793; x_wconf 81' lang='lat' dir='ltr'><strong>Cantocuzenua</strong></span> <span class='ocrx_word' id='word_1_245' title='bbox 1243 2732 1297 2796; x_wconf 91' lang='lat' dir='ltr'><strong>lib.</strong></span> <span class='ocrx_word' id='word_1_246' title='bbox 1315 2731 1346 2792; x_wconf 87' lang='lat' dir='ltr'><strong>II.</strong></span> 
     </span>
     <span class='ocr_line' id='line_1_28' title="bbox 200 2813 575 2894; baseline 0.008 -22"><span class='ocrx_word' id='word_1_247' title='bbox 200 2833 268 2894; x_wconf 88' lang='lat' dir='ltr'><strong>cap.</strong></span> <span class='ocrx_word' id='word_1_248' title='bbox 284 2813 396 2875; x_wconf 88' lang='lat' dir='ltr'><strong>XXIV.</strong></span> <span class='ocrx_word' id='word_1_249' title='bbox 439 2835 575 2876; x_wconf 82' lang='lat' dir='ltr'><strong>nncana.</strong></span> 
     </span>
    </p>
   </div>
   <div class='ocr_carea' id='block_1_7' title="bbox 201 2909 1349 3353">
    <p class='ocr_par' dir='ltr' id='par_1_8' title="bbox 203 2909 1348 3092">
     <span class='ocr_line' id='line_1_29' title="bbox 286 2909 1348 2998; baseline 0.004 -24"><span class='ocrx_word' id='word_1_250' title='bbox 286 2913 361 2996; x_wconf 72' lang='lat' dir='ltr'><strong>Peg.</strong></span> <span class='ocrx_word' id='word_1_251' title='bbox 384 2915 462 2992; x_wconf 92' lang='grc'><strong>489,</strong></span> <span class='ocrx_word' id='word_1_252' title='bbox 482 2919 512 2982; x_wconf 88' lang='grc'><strong>8.</strong></span> <span class='ocrx_word' id='word_1_253' title='bbox 560 2909 818 2997; x_wconf 76' lang='grc' dir='ltr'><strong><em>Τζαμττίτίκωυος]</em></strong></span> <span class='ocrx_word' id='word_1_254' title='bbox 849 2917 910 2992; x_wconf 87' lang='lat' dir='ltr'><strong>Qui</strong></span> <span class='ocrx_word' id='word_1_255' title='bbox 935 2919 1033 2994; x_wconf 81' lang='lat' dir='ltr'><strong>magni</strong></span> <span class='ocrx_word' id='word_1_256' title='bbox 1060 2915 1172 2998; x_wconf 83' lang='lat' dir='ltr'><strong>Papiae</strong></span> <span class='ocrx_word' id='word_1_257' title='bbox 1204 2915 1348 2998; x_wconf 71' lang='lat' dir='ltr'><strong>dignitate</strong></span> 
     </span>
     <span class='ocr_line' id='line_1_30' title="bbox 203 2999 1185 3092; baseline 0.004 -32"><span class='ocrx_word' id='word_1_258' title='bbox 203 2999 331 3060; x_wconf 78' lang='lat' dir='ltr'><strong>donatus</strong></span> <span class='ocrx_word' id='word_1_259' title='bbox 346 2999 457 3092; x_wconf 84' lang='lat' dir='ltr'><strong>dicitur</strong></span> <span class='ocrx_word' id='word_1_260' title='bbox 474 3003 674 3066; x_wconf 79' lang='lat' dir='ltr'><strong>Cantacuzen.</strong></span> <span class='ocrx_word' id='word_1_261' title='bbox 688 3002 739 3060; x_wconf 84' lang='lat' dir='ltr'><strong>lib.</strong></span> <span class='ocrx_word' id='word_1_262' title='bbox 758 3003 796 3064; x_wconf 93' lang='lat' dir='ltr'><strong>II.</strong></span> <span class='ocrx_word' id='word_1_263' title='bbox 817 3023 883 3082; x_wconf 85' lang='lat' dir='ltr'><strong>cap.</strong></span> <span class='ocrx_word' id='word_1_264' title='bbox 897 3004 1020 3066; x_wconf 90' lang='lat' dir='ltr'><strong>XXVII.</strong></span> <span class='ocrx_word' id='word_1_265' title='bbox 1050 3023 1185 3064; x_wconf 77' lang='lat' dir='ltr'><strong>occano.</strong></span> 
     </span>
    </p>

    <p class='ocr_par' dir='ltr' id='par_1_9' title="bbox 201 3100 1349 3353">
     <span class='ocr_line' id='line_1_31' title="bbox 287 3100 1349 3189; baseline 0 -28"><span class='ocrx_word' id='word_1_266' title='bbox 287 3103 365 3182; x_wconf 77' lang='lat' dir='ltr'><strong>Pog.</strong></span> <span class='ocrx_word' id='word_1_267' title='bbox 386 3103 466 3178; x_wconf 86' lang='grc'><strong>489,</strong></span> <span class='ocrx_word' id='word_1_268' title='bbox 488 3109 539 3170; x_wconf 82' lang='grc'><strong>20.</strong></span> <span class='ocrx_word' id='word_1_269' title='bbox 583 3103 764 3186; x_wconf 82' lang='grc' dir='ltr'><strong><em>Βασκυίυειν</em></strong></span> <span class='ocrx_word' id='word_1_270' title='bbox 784 3100 841 3185; x_wconf 74' lang='lat' dir='ltr'><strong>peip</strong></span> <span class='ocrx_word' id='word_1_271' title='bbox 860 3103 977 3185; x_wconf 74' lang='grc' dir='ltr'><strong><em>ἔφαμεν</em></strong></span> <span class='ocrx_word' id='word_1_272' title='bbox 999 3100 1099 3189; x_wconf 67' lang='grc' dir='ltr'><strong><em>αὐτῷ]</em></strong></span> <span class='ocrx_word' id='word_1_273' title='bbox 1128 3104 1291 3184; x_wconf 75' lang='lat' dir='ltr'><strong>Nusquam</strong></span> <span class='ocrx_word' id='word_1_274' title='bbox 1311 3103 1349 3162; x_wconf 85' lang='lat' dir='ltr'><strong>di·</strong></span> 
     </span>
     <span class='ocr_line' id='line_1_32' title="bbox 202 3185 1347 3271; baseline 0.009 -28"><span class='ocrx_word' id='word_1_275' title='bbox 202 3185 249 3244; x_wconf 82' lang='lat' dir='ltr'><strong>xit</strong></span> <span class='ocrx_word' id='word_1_276' title='bbox 263 3185 412 3264; x_wconf 83' lang='lat' dir='ltr'><strong>Gregoraa</strong></span> <span class='ocrx_word' id='word_1_277' title='bbox 427 3187 572 3248; x_wconf 76' lang='lat' dir='ltr'><strong>invidiose</strong></span> <span class='ocrx_word' id='word_1_278' title='bbox 587 3188 702 3251; x_wconf 70' lang='lat' dir='ltr'><strong>aulicos</strong></span> <span class='ocrx_word' id='word_1_279' title='bbox 715 3189 883 3271; x_wconf 84' lang='lat' dir='ltr'><strong>Syrgianui.</strong></span> <span class='ocrx_word' id='word_1_280' title='bbox 913 3191 1018 3271; x_wconf 81' lang='lat' dir='ltr'><strong>Itaque</strong></span> <span class='ocrx_word' id='word_1_281' title='bbox 1032 3189 1195 3269; x_wconf 83' lang='lat' dir='ltr'><strong>legendum</strong></span> <span class='ocrx_word' id='word_1_282' title='bbox 1210 3189 1347 3270; x_wconf 75' lang='grc' dir='ltr'><strong>ἔφασκεν,</strong></span> 
     </span>
     <span class='ocr_line' id='line_1_33' title="bbox 201 3269 562 3353; baseline 0.022 -24"><span class='ocrx_word' id='word_1_283' title='bbox 201 3287 264 3332; x_wconf 87' lang='lat' dir='ltr'><strong>nou</strong></span> <span class='ocrx_word' id='word_1_284' title='bbox 279 3269 406 3353; x_wconf 71' lang='grc' dir='ltr'><strong><em>ἔφαμεν.</em></strong></span> <span class='ocrx_word' id='word_1_285' title='bbox 445 3291 562 3337; x_wconf 73' lang='lat' dir='ltr'><strong>norant.</strong></span> 
     </span>
    </p>
   </div>
   <div class='ocr_carea' id='block_1_8' title="bbox 152 3367 1349 3706">
    <p class='ocr_par' dir='ltr' id='par_1_10' title="bbox 152 3367 1349 3706">
     <span class='ocr_line' id='line_1_34' title="bbox 289 3367 1349 3458; baseline 0.004 -26"><span class='ocrx_word' id='word_1_286' title='bbox 289 3373 365 3453; x_wconf 75' lang='lat' dir='ltr'><strong>Pop.</strong></span> <span class='ocrx_word' id='word_1_287' title='bbox 389 3373 469 3449; x_wconf 90' lang='grc'><strong>490,</strong></span> <span class='ocrx_word' id='word_1_288' title='bbox 495 3381 544 3440; x_wconf 78' lang='lat'><strong>11.</strong></span> <span class='ocrx_word' id='word_1_289' title='bbox 579 3371 645 3437; x_wconf 84' lang='grc' dir='ltr'><strong>Καί</strong></span> <span class='ocrx_word' id='word_1_290' title='bbox 663 3374 687 3456; x_wconf 70' lang='grc' dir='ltr'><strong><em>ἦ</em></strong></span> <span class='ocrx_word' id='word_1_291' title='bbox 702 3367 799 3458; x_wconf 71' lang='grc' dir='ltr'><strong><em>μήτηρ</em></strong></span> <span class='ocrx_word' id='word_1_292' title='bbox 817 3375 1050 3457; x_wconf 61' lang='lat' dir='ltr'><strong>notificatione]</strong></span> <span class='ocrx_word' id='word_1_293' title='bbox 1082 3376 1286 3442; x_wconf 85' lang='lat' dir='ltr'><strong>Cantacuzen.</strong></span> <span class='ocrx_word' id='word_1_294' title='bbox 1303 3375 1349 3436; x_wconf 79' lang='lat' dir='ltr'><strong>lib.</strong></span> 
     </span>
     <span class='ocr_line' id='line_1_35' title="bbox 204 3451 1348 3541; baseline 0.003 -24"><span class='ocrx_word' id='word_1_295' title='bbox 204 3451 242 3518; x_wconf 84' lang='lat' dir='ltr'><strong>II.</strong></span> <span class='ocrx_word' id='word_1_296' title='bbox 259 3473 324 3537; x_wconf 85' lang='lat' dir='ltr'><strong>cap.</strong></span> <span class='ocrx_word' id='word_1_297' title='bbox 338 3457 477 3521; x_wconf 88' lang='lat' dir='ltr'><strong>XXVIII.</strong></span> <span class='ocrx_word' id='word_1_298' title='bbox 499 3480 628 3522; x_wconf 77' lang='grc' dir='ltr'><strong><em>υοοααο.</em></strong></span> <span class='ocrx_word' id='word_1_299' title='bbox 674 3463 898 3522; x_wconf 82' lang='lat' dir='ltr'><strong>Cantaruzenuo</strong></span> <span class='ocrx_word' id='word_1_300' title='bbox 916 3461 992 3523; x_wconf 85' lang='lat' dir='ltr'><strong>Hiat.</strong></span> <span class='ocrx_word' id='word_1_301' title='bbox 1007 3462 1058 3522; x_wconf 90' lang='lat' dir='ltr'><strong>lib.</strong></span> <span class='ocrx_word' id='word_1_302' title='bbox 1072 3461 1111 3521; x_wconf 93' lang='lat' dir='ltr'><strong>II.</strong></span> <span class='ocrx_word' id='word_1_303' title='bbox 1126 3483 1196 3541; x_wconf 88' lang='lat' dir='ltr'><strong>cap.</strong></span> <span class='ocrx_word' id='word_1_304' title='bbox 1211 3460 1348 3522; x_wconf 85' lang='lat' dir='ltr'><strong>XXVIII.</strong></span> 
     </span>
     <span class='ocr_line' id='line_1_36' title="bbox 152 3541 1349 3628; baseline 0.003 -28"><span class='ocrx_word' id='word_1_305' title='bbox 152 3605 153 3608; x_wconf 8' lang='grc' dir='ltr'><strong>Ἴ</strong></span> <span class='ocrx_word' id='word_1_306' title='bbox 205 3559 268 3605; x_wconf 81' lang='lat' dir='ltr'><strong>eam</strong></span> <span class='ocrx_word' id='word_1_307' title='bbox 284 3545 324 3601; x_wconf 89' lang='lat' dir='ltr'><strong>ait</strong></span> <span class='ocrx_word' id='word_1_308' title='bbox 340 3541 449 3602; x_wconf 83' lang='lat' dir='ltr'><strong>obiiaaa</strong></span> <span class='ocrx_word' id='word_1_309' title='bbox 465 3564 543 3603; x_wconf 84' lang='lat' dir='ltr'><strong>enno</strong></span> <span class='ocrx_word' id='word_1_310' title='bbox 558 3545 673 3623; x_wconf 84' lang='lat' dir='ltr'><strong>integro</strong></span> <span class='ocrx_word' id='word_1_311' title='bbox 690 3556 720 3606; x_wconf 87' lang='lat' dir='ltr'><strong>et</strong></span> <span class='ocrx_word' id='word_1_312' title='bbox 734 3546 860 3606; x_wconf 90' lang='lat' dir='ltr'><strong>dimidio</strong></span> <span class='ocrx_word' id='word_1_313' title='bbox 880 3557 948 3628; x_wconf 75' lang='lat' dir='ltr'><strong>post</strong></span> <span class='ocrx_word' id='word_1_314' title='bbox 964 3547 1078 3606; x_wconf 83' lang='lat' dir='ltr'><strong>obitum</strong></span> <span class='ocrx_word' id='word_1_315' title='bbox 1093 3547 1222 3607; x_wconf 70' lang='lat' dir='ltr'><strong>senioris</strong></span> <span class='ocrx_word' id='word_1_316' title='bbox 1237 3548 1349 3608; x_wconf 85' lang='lat' dir='ltr'><strong>Andro-</strong></span> 
     </span>
     <span class='ocr_line' id='line_1_37' title="bbox 203 3625 1349 3706; baseline 0.006 -23"><span class='ocrx_word' id='word_1_317' title='bbox 203 3625 283 3702; x_wconf 90' lang='lat' dir='ltr'><strong>nici;</strong></span> <span class='ocrx_word' id='word_1_318' title='bbox 305 3644 393 3706; x_wconf 86' lang='lat' dir='ltr'><strong>quem</strong></span> <span class='ocrx_word' id='word_1_319' title='bbox 409 3637 525 3688; x_wconf 73' lang='lat' dir='ltr'><strong>constat</strong></span> <span class='ocrx_word' id='word_1_320' title='bbox 538 3641 690 3690; x_wconf 85' lang='lat' dir='ltr'><strong>mortuum</strong></span> <span class='ocrx_word' id='word_1_321' title='bbox 705 3652 782 3692; x_wconf 86' lang='lat' dir='ltr'><strong>anno</strong></span> <span class='ocrx_word' id='word_1_322' title='bbox 798 3631 868 3693; x_wconf 82' lang='lat' dir='ltr'><strong>chr.</strong></span> <span class='ocrx_word' id='word_1_323' title='bbox 883 3632 1115 3692; x_wconf 84' lang='lat' dir='ltr'><strong>MCCCXXXII.</strong></span> <span class='ocrx_word' id='word_1_324' title='bbox 1134 3631 1282 3695; x_wconf 84' lang='lat' dir='ltr'><strong>Februar.</strong></span> <span class='ocrx_word' id='word_1_325' title='bbox 1305 3631 1349 3692; x_wconf 80' lang='lat' dir='ltr'><strong>dio</strong></span> 
     </span>
    </p>
   </div>
   <div class='ocr_carea' id='block_1_9' title="bbox 204 3709 1350 3876">
    <p class='ocr_par' dir='ltr' id='par_1_11' title="bbox 204 3709 1350 3876">
     <span class='ocr_line' id='line_1_38' title="bbox 205 3709 1350 3859; baseline 0.005 -89"><span class='ocrx_word' id='word_1_326' title='bbox 205 3709 287 3859; x_wconf 46' lang='lat' dir='ltr'><strong>XIIII.</strong></span> <span class='ocrx_word' id='word_1_327' title='bbox 308 3712 358 3770; x_wconf 89' lang='lat' dir='ltr'><strong>Sic</strong></span> <span class='ocrx_word' id='word_1_328' title='bbox 371 3711 452 3772; x_wconf 83' lang='lat' dir='ltr'><strong>illam</strong></span> <span class='ocrx_word' id='word_1_329' title='bbox 468 3724 585 3796; x_wconf 84' lang='lat' dir='ltr'><strong>oportet</strong></span> <span class='ocrx_word' id='word_1_330' title='bbox 598 3715 706 3778; x_wconf 80' lang='lat' dir='ltr'><strong>obiisao</strong></span> <span class='ocrx_word' id='word_1_331' title='bbox 718 3738 796 3782; x_wconf 83' lang='lat' dir='ltr'><strong>auno</strong></span> <span class='ocrx_word' id='word_1_332' title='bbox 814 3715 884 3780; x_wconf 81' lang='lat' dir='ltr'><strong>chr.</strong></span> <span class='ocrx_word' id='word_1_333' title='bbox 903 3718 1149 3780; x_wconf 80' lang='lat' dir='ltr'><strong>mcccxxxtn.</strong></span> <span class='ocrx_word' id='word_1_334' title='bbox 1168 3739 1273 3779; x_wconf 80' lang='lat' dir='ltr'><strong>menae</strong></span> <span class='ocrx_word' id='word_1_335' title='bbox 1288 3721 1350 3778; x_wconf 86' lang='lat' dir='ltr'><strong>Aa·</strong></span> 
     </span>
     <span class='ocr_line' id='line_1_39' title="bbox 204 3814 463 3876; baseline 0.019 -18"><span class='ocrx_word' id='word_1_336' title='bbox 204 3814 260 3876; x_wconf 74' lang='lat' dir='ltr'><strong>guo</strong></span> <span class='ocrx_word' id='word_1_337' title='bbox 275 3817 305 3864; x_wconf 89' lang='grc' dir='ltr'><strong>ο.</strong></span> <span class='ocrx_word' id='word_1_338' title='bbox 345 3817 463 3863; x_wconf 79' lang='lat' dir='ltr'><strong>aoavnt.</strong></span> 
     </span>
    </p>
   </div>
   <div class='ocr_carea' id='block_1_10' title="bbox 208 3895 1350 4144">
    <p class='ocr_par' dir='ltr' id='par_1_12' title="bbox 208 3895 1350 4144">
     <span class='ocr_line' id='line_1_40' title="bbox 292 3895 1350 3988; baseline -0.001 -21"><span class='ocrx_word' id='word_1_339' title='bbox 292 3895 366 3982; x_wconf 66' lang='lat' dir='ltr'><strong>Pug·</strong></span> <span class='ocrx_word' id='word_1_340' title='bbox 388 3899 467 3976; x_wconf 77' lang='lat'>490,</span> <span class='ocrx_word' id='word_1_341' title='bbox 490 3901 540 3968; x_wconf 84' lang='lat' dir='ltr'><strong>IA·</strong></span> <span class='ocrx_word' id='word_1_342' title='bbox 584 3897 626 3964; x_wconf 72' lang='grc' dir='ltr'><strong>Σὲ</strong></span> <span class='ocrx_word' id='word_1_343' title='bbox 645 3901 678 3966; x_wconf 77' lang='lat' dir='ltr'><strong>di</strong></span> <span class='ocrx_word' id='word_1_344' title='bbox 700 3896 859 3988; x_wconf 78' lang='grc' dir='ltr'><strong><em>τίμίγιστε</em></strong></span> <span class='ocrx_word' id='word_1_345' title='bbox 876 3902 929 3969; x_wconf 77' lang='grc' dir='ltr'><strong>καί</strong></span> <span class='ocrx_word' id='word_1_346' title='bbox 947 3897 1086 3967; x_wconf 82' lang='grc' dir='ltr'><strong><em>θειότατε</em></strong></span> <span class='ocrx_word' id='word_1_347' title='bbox 1104 3904 1251 3987; x_wconf 71' lang='grc' dir='ltr'><strong>βασιλεῦ]</strong></span> <span class='ocrx_word' id='word_1_348' title='bbox 1273 3906 1350 3966; x_wconf 78' lang='lat' dir='ltr'><strong>Haeo</strong></span> 
     </span>
     <span class='ocr_line' id='line_1_41' title="bbox 209 3983 1350 4071; baseline 0.011 -31"><span class='ocrx_word' id='word_1_349' title='bbox 209 3983 307 4043; x_wconf 85' lang='lat' dir='ltr'><strong>oratio</strong></span> <span class='ocrx_word' id='word_1_350' title='bbox 332 3996 432 4045; x_wconf 74' lang='lat' dir='ltr'><strong>enatet</strong></span> <span class='ocrx_word' id='word_1_351' title='bbox 451 3987 482 4046; x_wconf 91' lang='lat' dir='ltr'><strong>in</strong></span> <span class='ocrx_word' id='word_1_352' title='bbox 506 3985 616 4048; x_wconf 86' lang='lat' dir='ltr'><strong>Codice</strong></span> <span class='ocrx_word' id='word_1_353' title='bbox 635 3989 740 4068; x_wconf 81' lang='lat' dir='ltr'><strong>Regio,</strong></span> <span class='ocrx_word' id='word_1_354' title='bbox 770 3993 802 4050; x_wconf 91' lang='lat' dir='ltr'><strong>in</strong></span> <span class='ocrx_word' id='word_1_355' title='bbox 825 4013 883 4071; x_wconf 90' lang='lat' dir='ltr'><strong>quo</strong></span> <span class='ocrx_word' id='word_1_356' title='bbox 905 4002 1004 4052; x_wconf 83' lang='lat' dir='ltr'><strong>tamen</strong></span> <span class='ocrx_word' id='word_1_357' title='bbox 1025 3990 1101 4052; x_wconf 81' lang='lat' dir='ltr'><strong>aliae</strong></span> <span class='ocrx_word' id='word_1_358' title='bbox 1118 3991 1185 4051; x_wconf 79' lang='lat' dir='ltr'><strong>fere</strong></span> <span class='ocrx_word' id='word_1_359' title='bbox 1209 3987 1350 4052; x_wconf 69' lang='lat' dir='ltr'><strong>eiusmodi</strong></span> 
     </span>
     <span class='ocr_line' id='line_1_42' title="bbox 208 4066 841 4144; baseline 0.017 -18"><span class='ocrx_word' id='word_1_360' title='bbox 208 4066 442 4132; x_wconf 72' lang='lat' dir='ltr'><strong>declamationes</strong></span> <span class='ocrx_word' id='word_1_361' title='bbox 456 4074 581 4133; x_wconf 85' lang='lat' dir='ltr'><strong>omiaaae</strong></span> <span class='ocrx_word' id='word_1_362' title='bbox 601 4085 682 4138; x_wconf 80' lang='lat' dir='ltr'><strong>aunt.</strong></span> <span class='ocrx_word' id='word_1_363' title='bbox 723 4097 841 4144; x_wconf 79' lang='grc' dir='ltr'><strong>οοινια.</strong></span> 
     </span>
    </p>
   </div>
   <div class='ocr_carea' id='block_1_11' title="bbox 210 4173 1349 4344">
    <p class='ocr_par' dir='ltr' id='par_1_13' title="bbox 210 4173 1349 4344">
     <span class='ocr_line' id='line_1_43' title="bbox 294 4173 1261 4260; baseline -0.011 -13"><span class='ocrx_word' id='word_1_364' title='bbox 294 4173 372 4253; x_wconf 69' lang='lat'><em>1²⁰8·</em></span> <span class='ocrx_word' id='word_1_365' title='bbox 392 4178 471 4251; x_wconf 76' lang='lat'><strong>491,</strong></span> <span class='ocrx_word' id='word_1_366' title='bbox 494 4180 575 4248; x_wconf 65' lang='lat'><strong>12:1¹.</strong></span> <span class='ocrx_word' id='word_1_367' title='bbox 586 4173 738 4260; x_wconf 76' lang='grc' dir='ltr'><strong><em>Καθάπερ</em></strong></span> <span class='ocrx_word' id='word_1_368' title='bbox 756 4178 806 4241; x_wconf 75' lang='lat' dir='ltr'><strong>ini</strong></span> <span class='ocrx_word' id='word_1_369' title='bbox 822 4178 947 4260; x_wconf 75' lang='grc' dir='ltr'><strong><em>οτεῤῥοῖς</em></strong></span> <span class='ocrx_word' id='word_1_370' title='bbox 960 4175 1126 4260; x_wconf 79' lang='grc' dir='ltr'><strong><em>κρηπῖδος]</em></strong></span> <span class='ocrx_word' id='word_1_371' title='bbox 1149 4175 1261 4238; x_wconf 83' lang='lat' dir='ltr'><strong>Wolfio</strong></span> 
     </span>
     <span class='ocr_line' id='line_1_44' title="bbox 210 4199 1349 4344; baseline 0.004 -26"><span class='ocrx_word' id='word_1_372' title='bbox 210 4249 262 4332; x_wconf 73' lang='grc' dir='ltr'><strong>τίς</strong></span> <span class='ocrx_word' id='word_1_373' title='bbox 279 4266 325 4316; x_wconf 78' lang='lat' dir='ltr'><strong>eat</strong></span> <span class='ocrx_word' id='word_1_374' title='bbox 340 4257 469 4344; x_wconf 80' lang='lat' dir='ltr'><strong>crepido.</strong></span> <span class='ocrx_word' id='word_1_375' title='bbox 511 4260 571 4334; x_wconf 79' lang='lat' dir='ltr'><strong>Sed</strong></span> <span class='ocrx_word' id='word_1_376' title='bbox 588 4259 707 4344; x_wconf 78' lang='lat' dir='ltr'><strong>crepido</strong></span> <span class='ocrx_word' id='word_1_377' title='bbox 724 4262 845 4328; x_wconf 75' lang='lat' dir='ltr'><strong>concilii</strong></span> <span class='ocrx_word' id='word_1_378' title='bbox 857 4264 931 4344; x_wconf 89' lang='lat' dir='ltr'><strong>quid</strong></span> <span class='ocrx_word' id='word_1_379' title='bbox 949 4263 997 4341; x_wconf 76' lang='lat' dir='ltr'><strong>nit,</strong></span> <span class='ocrx_word' id='word_1_380' title='bbox 1017 4284 1080 4325; x_wconf 90' lang='lat' dir='ltr'><strong>non</strong></span> <span class='ocrx_word' id='word_1_381' title='bbox 1093 4263 1196 4326; x_wconf 79' lang='lat' dir='ltr'><strong>video.</strong></span> <span class='ocrx_word' id='word_1_382' title='bbox 1218 4199 1349 4326; x_wconf 43' lang='lat' dir='ltr'><strong>&#39;off</strong></span> 
     </span>
    </p>
   </div>
   <div class='ocr_carea' id='block_1_12' title="bbox 0 0 1428 4776">
    <p class='ocr_par' dir='ltr' id='par_1_14' title="bbox 0 0 1428 4776">
     <span class='ocr_line' id='line_1_45' title="bbox 0 0 1428 4776; baseline 0 0"><span class='ocrx_word' id='word_1_383' title='bbox 0 0 1428 4776; x_wconf 95' lang='lat' dir='ltr'><strong> </strong></span> 
     </span>
    </p>
   </div>
  </div>
 </body>
</html>
