2724 5168
219 107 296 180 686
524 115 758 188 NICEPHORI
778 113 1018 186 GREGORAE

57 289 86 338 Δ.
100 287 132 336 M.
145 273 442 359 6852άπολεξάμενος
470 269 648 364 Σκυθικὴν,
677 282 728 346 καί
751 276 837 363 μάλα
865 278 977 364 ἄλλην,
1005 277 1061 348 οῦκ
1084 278 1161 348 άνέει
1189 277 1328 364 πέμπω

89 357 209 479 niffen
217 381 312 466 ἄλλην
327 382 377 446 ἐπ’
398 381 476 468 άλλη
490 380 589 464 συχνά
603 383 681 467 πρὸς
695 384 872 468 πολιορκίαν
886 383 997 450 αὐτῶν.
1026 380 1093 472 (ς’.)
1104 383 1191 448 Ἀλλ’
1209 385 1358 464 latim*

219 485 274 560 τάς
304 483 442 562 ἐπάλξεις
465 483 592 550 ένδοθεν
607 483 868 572 ’καταφράξαντες
889 483 1019 572 ἀνδράσι
1048 489 1100 552 καί
1129 484 1237 561 ὅπλοις
1263 476 1353 550 καὶ

214 595 290 652 πᾶσι
313 585 532 671 μηχανήμασιν
556 583 715 671 ἑκηβόλοις
744 587 844 654 πολλὰ
876 593 938 654 τῶν
960 595 1123 656 Σκυθικῶν
1145 589 1345 674 κατεγέλων

212 695 320 774 βελῶν.
348 689 450 765 άλλως
471 714 502 754 τε
525 691 576 754 καὶ
602 696 929 776 θαλαττοκρατοῦντες
955 685 1070 772 αὐτοὶ,
1097 694 1148 756 καὶ
1172 691 1231 780 τὴν
1251 694 1330 757 τῶν
1358 698 1362 701 ’

214 794 390 876 έπιτηδείων
404 779 571 878 Ιἀφθονίαν
595 791 628 856 tn
651 790 818 877 θαλάσσης
843 791 1067 878 έσκομιζόμενοι
1079 842 1091 874 ,
1119 796 1187 877 περί
1211 792 1330 878 έλαχί-

214 919 289 960 στου
304 893 361 970 τὰς
383 901 444 960 τῶν
465 900 597 962 Σκυθῶν
620 892 753 984 ίφύδους
772 922 805 962 τε
826 897 876 961 καὶ
896 893 1238 982 περιστρατοπεδεύσας
1255 895 1321 961 ἔνι’-

167 1047 168 1050 ,
212 1003 324 1064 θεντο’
351 999 402 1062 καὶ
415 994 500 1083 τόγε
519 999 637 1082 μεῖζον,
666 995 713 1064 δτι
729 994 864 1085 τριήρεσι
882 1000 1037 1075 πλείσταις
1052 997 1268 1084 περιπλέοντές
1283 1020 1320 1064 τε

187 1102 266 1164 Beni
297 1099 524 1186 παραπλέοντες
552 1107 656 1166 πᾶσαν
680 1101 737 1185 τὴν
758 1109 820 1167 τῶν
849 1107 985 1168 Σκυθῶν
1013 1091 1170 1186 παραλίαν
1187 1100 1248 1166 δύο
1276 1097 1319 1166 τά

208 1198 411 1285 χαλεπιάτατά
424 1227 511 1289 σφισι
526 1203 726 1290 προῦξίνουν·
751 1201 785 1269 ‘s'r
797 1204 864 1286 μέν,
879 1202 926 1270 ὅτι
939 1207 1068 1288 μηδαμῆ
1085 1205 1244 1287 καταίρειν
1254 1209 1318 1269 τῶν
1327 1204 1354 1259 1

210 1311 374 1390 φορτηγῶν
394 1301 533 1372 ὁλκάδων
557 1305 631 1372 οὐδ’
647 1302 789 1390 ἡντινοῦν
808 1303 999 1394 συνεχώρουν
1022 1306 1137 1394 ἀγοράς
1157 1309 1209 1372 καὶ
1231 1301 1319 1392 πρά-

211 1431 289 1482 σεως
316 1408 417 1474 ένεκα·
445 1407 462 1474 ὃ
485 1405 609 1495 σφόδρα
629 1409 758 1486 έκείνους
780 1405 897 1490 έλύπει,
925 1407 1014 1491 τά,τε
1036 1415 1213 1494 περιττεῦον
1239 1405 1317 1475 ἇνδ-

116 1521 304 1594 ν.348νητον
329 1509 455 1594 ἔχοντας
477 1512 528 1576 καὶ
548 1510 584 1578 ui
604 1511 706 1578 ἐνδέον
727 1509 942 1598 numeruntur·
970 1508 1111 1598 δεύτερον
1127 1510 1175 1590 δ’,
1200 1508 1249 1577 ὅτι
1262 1511 1317 1576 καί

208 1619 272 1680 τῶν
290 1620 365 1678 νεῶν
380 1616 569 1698 έκπηδῶντες
589 1614 683 1682 ἐνίοτε
708 1618 758 1680 καί
783 1616 904 1698 ἐνιαχοῦ
927 1614 1042 1698 πολλὴν
1057 1615 1091 1678 έκ
1114 1619 1172 1696 τῆς
1188 1619 1316 1681 Σκυθι-

208 1722 264 1798 κῆς
278 1723 411 1800 κατῆγον
424 1716 480 1798 τὴν
497 1717 580 1782 λείαν
599 1717 631 1792 ἐς
646 1716 704 1794 τάς
715 1713 864 1804 τριήρεις·
892 1712 934 1794 ῶς
949 1713 1185 1803 ἀπεστράφθαι
1199 1716 1242 1781 τδ
1255 1719 1344 1800 τῆςῑ

181 1821 388 1902 θπολιορκίας
413 1821 464 1884 καί
491 1824 722 1904 πολιορκεῖσθαι
742 1825 862 1904 μᾶλλον
894 1819 967 1895 τοδς
989 1815 1119 1895 Σκύθας
1141 1821 1264 1899 δοκεῖν,
1291 1815 1315 1902 ἢ

206 1925 385 2005 πολιορκεῖν.
439 1919 508 2009 (Ζ.)
531 1921 582 1996 Ἐν
608 1921 647 2008 δὴ
669 1933 734 1998 τοῖς
754 1919 906 1998 τοιούτοις
927 1926 1049 2007 μακροῦ
1071 1920 1316 2008 μεταξδτριβο-

202 2022 295 2104 μένου
315 2029 372 2088 τοῦ
392 2021 507 2108 χρόνου
516 2071 528 2105 ,
556 2025 643 2088 σίτου
666 2049 699 2089 τε
713 2020 819 2090 σπάνει
836 2025 892 2100 τδς
901 2021 1059 2106 Ῥωμαίων
1078 2023 1234 2102 πιέζεσθαι
1252 2020 1316 2090 πό-

203 2129 264 2200 λεις
290 2128 341 2190 καί
364 2123 424 2192 ὅσα
451 2132 514 2192 τῶν
535 2134 721 2212 ταριχευτῶν
744 2128 903 2209 ἐδωδίμων
927 2127 960 2192 ἐκ
983 2131 1040 2210 τῆς
1054 2122 1242 2202 Μαιώτιδος
1258 2127 1315 2196 καὶ

202 2233 266 2291 τῶν
279 2226 399 2313 ἔγγιστα
414 2213 562 2313 ποταμῶν
579 2229 764 2314 συνηνέχθη.
792 2227 888 2307 ἴξεοτι
901 2228 1006 2312 μέντοι
1021 2224 1204 2310 θαυμάζειν,
1226 2224 1309 2294 ‘ino‘-
1333 2246 1347 2275 ²

206 2352 273 2403 σοις
285 2329 330 2414 μὴ
347 2331 554 2398 διασέσεισταί
565 2355 630 2408 πως
650 2332 686 2396 τὸ
703 2328 896 2416 λογιζόμενον
908 2337 965 2414 τῆς
978 2337 1099 2422 ψυχῆς,
1128 2327 1213 2405 ὅπως
1227 2329 1313 2395 riuo-

205 2417 410 2517 κλεισθείσηςΙ
425 2430 538 2500 οῦτωσλ
567 2439 624 2517 τῆς
642 2433 764 2501 ἄνωθεν
785 2435 1009 2516 σιτοπομπίας,
1044 2431 1188 2514 ἐμέλησεν
1211 2430 1316 2510 εὐθύς

127 2531 129 2536 ’
175 2540 247 2620 1)τῂ
265 2538 394 2626 προνοίη
422 2536 625 2616 σιτοπομπίας
648 2533 754 2622 ἑτέρας
781 2535 942 2626 ἀνεῳγέναι
970 2532 1085 2620 θύραν,
1115 2533 1218 2599 Ἰωνία
1247 2534 1309 2621 γάρ

203 2640 255 2702 καὶ
283 2640 405 2726 Φρυγία
426 2641 478 2704 καί
503 2633 580 2726 πρός
602 2661 635 2724 γε
658 2633 814 2722 Βιθυνία,
851 2641 903 2708 καί
934 2633 1008 2706 ὅσον
1034 2637 1169 2706 ἐπίκοινα
1199 2643 1307 2726 χῶρον

178 2865 183 2872 “
204 2870 254 2921 tem
271 2867 351 2938 legit3
369 2875 422 2924 tum
435 2869 510 2924 aliam
525 2869 612 2924 statim
627 2868 762 2941 adiungit,
779 2887 828 2925 noo
841 2873 927 2924 cessat
940 2868 1006 2923 ulios
1021 2885 1100 2952 super
1116 2867 1181 2951 alios
1202 2867 1306 2922 mittere

203 2938 291 2990 urbem
310 2940 466 2993 obsessuros.
503 2941 580 3008 (VI.)
596 2945 630 2992 At
643 2941 670 2994 hi
686 2941 782 2994 munito
798 2941 934 2992 introrsum
951 2939 1018 2992 vallo
1033 2955 1096 2991 virsa
1113 2953 1258 3006 armisque,
1273 2955 1305 2990 ac

203 3007 337 3058 tormentis
353 3009 543 3076 cuiusquemodi
559 3007 712 3072 missilibus,
737 3008 860 3077 Scythica
881 3008 934 3062 tela
950 3025 1055 3077 prorsus
1073 3005 1228 3058 irridebant.
1263 3004 1305 3059 nd

203 3073 277 3136 haec,
287 3075 347 3142 quis
359 3076 436 3128 maris
448 3076 554 3146 imperio
561 3077 740 3198 Xotiebantnm
752 3087 778 3130 et
789 3094 871 3130 rerum
883 3078 1082 3130 necessariarum
1093 3073 1193 3143 cupiam
1207 3092 1304 3130 omnem

203 3141 254 3193 ribi
266 3142 325 3196 iude
338 3146 533 3211 comparabant,
551 3145 560 3198 i
580 3146 649 3199 circo
666 3147 822 3216 Scytharum
839 3146 960 3214 impetum
976 3152 1003 3197 et
1017 3145 1213 3200 circumstantes
1229 3160 1305 3196 exer·

204 3209 270 3262 uitus
286 3211 379 3264 minimi
394 3213 539 3266 iaciebuuts
564 3222 590 3268 et
602 3217 670 3285 qnod
687 3215 835 3278 ianiarent,
852 3214 1001 3268 triremibus
1016 3212 1207 3284 quamplurimis
1222 3219 1303 3265 totam

203 3278 356 3347 Scytharum
377 3282 525 3336 maritimam
543 3300 612 3336 oram
631 3285 726 3342 circum
743 3302 774 3336 ac
788 3291 892 3352 praeter
907 3283 992 3346 vecti,
1010 3281 1136 3352 duplicem
1151 3280 1203 3332 iilis
1223 3280 1303 3334 mole*

203 3345 279 3400 stiam
291 3365 396 3416 euinque
410 3350 540 3404 maximam
555 3353 723 3405 exhibebant:
741 3353 823 3420 primo
839 3351 900 3421 quia
915 3368 1035 3420 nusquam
1053 3349 1184 3419 appellere
1202 3349 1303 3402 emendi

204 3433 235 3470 uc
248 3417 375 3470 vendendi
393 3435 470 3472 causa
487 3421 651 3488 patiebantur
667 3438 755 3474 novun
770 3421 846 3473 uliam
861 3419 1019 3482 onerariam
1036 3420 1105 3489 quod
1120 3418 1183 3470 istos
1199 3417 1303 3486 quidem

202 3483 277 3538 vaide
289 3488 409 3553 augebat,
439 3489 514 3542 uibus
527 3489 627 3542 minime
640 3489 704 3540 utile
719 3499 788 3541 esset
801 3489 838 3551 id,
852 3504 904 3556 qno
919 3490 1085 3550 abundarent,
1098 3503 1129 3538 ac
1141 3485 1243 3539 minime
1255 3503 1302 3556 pa·

202 3553 331 3618 rabilem,
350 3572 399 3624 quo
414 3563 533 3623 egerent:
550 3558 641 3611 deindo
656 3558 718 3625 qnia
730 3557 836 3609 navibus
854 3556 1001 3608 exsilientes
1020 3553 1155 3624 aliqnando
1175 3562 1204 3606 et
1223 3554 1303 3610 certis

201 3622 229 3675 in
250 3622 312 3674 locis
329 3624 431 3676 muitum
454 3625 566 3694 praedae
579 3644 611 3678 ex
624 3626 733 3694 scynis
752 3627 864 3692 agebant
877 3626 904 3679 iu
916 3626 1048 3689 triremes;
1065 3625 1104 3676 ita
1116 3629 1145 3680 ot
1159 3622 1302 3675 obsidionis

127 3707 131 3716 ·
201 3692 265 3744 ordo
285 3692 459 3746 inverteretur
475 3701 503 3747 at
522 3695 604 3764 magis
623 3694 736 3747 obsideri
755 3695 871 3762 Scythae
889 3693 1054 3755 viderentur,
1080 3707 1155 3760 quoru
1172 3691 1299 3744 obsidere.

200 3760 287 3828 (vn.)
304 3762 334 3814 in
349 3761 389 3813 his
404 3779 460 3815 oum
476 3769 545 3815 esset
564 3763 666 3816 multum
681 3771 781 3845 tempus
793 3771 980 3832 consumptum,
1000 3777 1109 3830 coepere
1126 3758 1229 3812 iuterim
1249 3761 1300 3812 Ro·

199 3846 287 3884 manae
300 3831 378 3882 nrbes
392 3830 509 3884 laborare
522 3831 610 3900 inopia
624 3833 743 3884 frumenti
760 3837 788 3883 et
802 3847 888 3883 eorum
903 3829 1075 3892 cibariorum,
1091 3845 1159 3898 quae
1172 3828 1227 3880 saie
1239 3845 1299 3883 cou-

200 3897 254 3948 ditc
267 3915 298 3949 ex
314 3899 444 3954 Maeotide
457 3899 602 3968 vicinisque
617 3899 706 3952 fluviis
716 3899 869 3954 afferuntur.
903 3900 1040 3952 Caeterum
1056 3897 1087 3962 ii,
1105 3913 1213 3979 quorum
1228 3896 1300 3949 ἰοοο·

199 3963 264 4017 λοιπε
278 3966 400 4019 iudicium
416 3975 471 4030 est,
488 3967 576 4020 mirari
593 3963 707 4037 nomint,
725 3967 849 4036 quomodo
867 3966 1011 4020 interclusio
1026 3967 1070 4028 iia,
1083 3983 1128 4034 qur
1147 3971 1225 4018 antea
1238 3965 1300 4017 iuis·

200 4041 267 4095 sent,
279 4036 459 4088 commeatibus
471 4036 601 4088 curaverit
612 4037 699 4088 statim
708 4036 884 4098 Providentia,
897 4035 982 4088 utria
995 4035 1046 4087 ulia
1058 4041 1163 4102 putaret
1174 4035 1299 4087 frumunto

200 4100 358 4155 advehendo.
392 4103 465 4158 Ionia
487 4104 554 4158 mim
577 4111 604 4157 et
622 4103 752 4174 Phrygia,
777 4121 808 4160 uc
827 4112 964 4174 praeterea
983 4102 1124 4174 Bithynia,
1142 4109 1298 4172 etagooruu
