2828 4792
172 277 251 352 900
472 281 709 357 NlCEPHOllI
731 281 973 358 GREGORAE

8 466 36 516 a
49 465 84 516 lt.
96 443 350 536 mlabdpsror
367 444 481 517 ἑαυτοῦ
499 451 552 517 καί
572 455 635 518 sue
651 445 752 536 δρκων
770 448 909 530 ἐκείνων,
937 449 989 528 καί
1003 441 1083 536 μήτε
1097 451 1154 514 τοῦ
1169 442 1280 526 ξυνόν-

47 534 129 589 ῙΜ
144 579 229 657 0τος
253 550 397 638 πλήθους
421 551 459 620 νδ
489 553 627 630 συνειδὸς
649 549 728 636 μήτε
752 551 810 630 τὰς
833 559 890 637 τῆς
914 551 1037 639 γνώμης
1062 552 1175 640 κρίσεις
1198 549 1280 628 όλως

175 657 331 732 αἰδεσθείς
344 656 486 737 ἐκείνων,
513 655 566 743 ἐφ’
590 653 636 734 οίς
657 652 798 740 ἡλίσκετο
822 653 909 737 μάλα
932 655 982 720 ἐπ’
1002 650 1178 744 αὐτοφώρῳ
1198 671 1280 738 φιν-

170 755 302 842 δόμενός
319 781 353 824 τε
377 761 430 824 καί
452 757 575 826 ἀδικῶν.
611 747 707 840 ἀμέό
726 757 785 844 γάρ
806 750 864 842 ῆν,
891 757 949 825 oris
968 751 1026 844 ῆν·
1053 756 1071 824 δ
1097 755 1131 824 δ’
1154 748 1211 823 oriri
1226 749 1277 841 ἦν,

169 856 230 948 ῆν·
255 861 325 928 ἀντί
336 862 393 944 μέν
407 861 578 942 βασιλέως,
601 857 752 948 τόραννος
766 857 955 948 ἀκραιφθήέ·
982 861 1052 928 ἀντί
1065 861 1100 926 δέ
1115 861 1301 942 δικαστοῦ,5

171 961 345 1051 κατήγορος
365 966 416 1029 καί
438 960 570 1048 διάκτης
589 959 678 1047 ήμῶν
703 961 949 1050 ἀπροφάσιστος.
981 962 1081 1040 οὕτως
1103 963 1281 1049 ἐγκαταλεια

171 1070 267 1155 φθείς
285 1065 346 1132 aiud
369 1074 426 1150 τῆς
442 1073 499 1134 τοῦ
517 1072 596 1132 θεοῦ
611 1067 713 1144 δεξιᾶς
730 1062 746 1132 ὅ
761 1067 958 1154 ταλαίπωρος
981 1067 1087 1152 ἐξέστη
1109 1091 1144 1132 τε
1165 1063 1279 1132 ἑαυτοῦ

143 1171 226 1239 Daoi
241 1179 307 1245 τοῖς
330 1165 444 1255 ὁρῶσιν
467 1168 599 1255 ἀθυρμα
626 1167 770 1256 λαμπρόν
792 1169 904 1254 ἐγίνετο
931 1167 1009 1257 πρός
1032 1175 1137 1236 τετοῦ
1158 1165 1279 1255 τρόπου

73 1301 80 1318 ⁸
170 1269 251 1360 πρός
266 1296 299 1338 τε
312 1277 376 1337 τῶν
389 1269 488 1358 λόγων
507 1274 559 1338 καί
573 1269 646 1355 ἅμα·
658 1277 715 1338 rosi
724 1269 951 1358 ‘propontidem
966 1272 1069 1359 ῆθους
1080 1272 1206 1338 ἐκείνου.

139 1405 167 1460 Ε
251 1388 289 1486 ζ’..
310 1389 400 1460 Ἀλλ’,
411 1377 571 1477 ἐπειδήπερ
586 1391 617 1457 oi
635 1393 776 1473 πλείους,
804 1397 1048 1480 φιλιστοροῦσαν
1063 1394 1115 1457 καί
1130 1387 1280 1480 φιλήκοον
1288 1397 1325 1452 10

170 1495 345 1580 κεκτημένοι
358 1495 465 1578 ψυχήν
473 1544 484 1576 ,
511 1491 619 1580 πρόσω
633 1494 709 1574 ι’έναι
724 1491 808 1578 ῆμδις
821 1493 879 1560 odor
893 1496 963 1561 ἐῶσι
971 1544 982 1577 ,
1009 1497 1082 1582 πρίν
1103 1495 1135 1570 ἐς
1155 1491 1282 1579 εδράτε-

172 1620 229 1683 ρον
256 1596 313 1681 τήν
341 1602 405 1664 τῶν
423 1598 487 1663 ἐκεῖ
505 1604 693 1685 παραθεῖναι
721 1597 922 1681 λαληθέντων
945 1623 978 1664 τε
998 1599 1051 1662 ’καί
1074 1597 1281 1682 πραχθέντων

91 1753 94 1756 .
171 1697 343 1786 ἀφήγησιν,
376 1696 546 1785 ὑπόδειγμα
580 1707 624 1790 τῷ
646 1702 706 1790 βίῳ
731 1700 870 1786 χρηστόν
896 1699 1070 1786 ἀθλητικῆς
1095 1697 1279 1779 ἐκστάσεως,

172 1803 223 1867 καί
241 1799 288 1879 οἷς
308 1798 385 1889 όπέρ
404 1809 469 1868 τῶν
489 1805 584 1870 θείων
600 1802 697 1868 ένεστι
719 1799 881 1888 δογμάτων
900 1801 1041 1888 ζάκορον
1057 1809 1168 1890 καιροῦ
1188 1803 1281 1868 καλέ-

171 1927 285 1982 σαντος
299 1904 530 1990 ἀγωνίσασθαι·
557 1906 631 1993 φέρε
638 1955 651 1988 ,
678 1905 736 1982 τάς
750 1912 807 1989 τῆς
824 1911 961 1992 κεφαλῆς
973 1902 1146 1992 ἀλγηδόνας
1160 1906 1193 1969 ἐν
1208 1908 1280 1970 ‹leo-
1290 1913 1324 1970 1⁵
1404 1899 1408 1904 ’

170 2009 251 2095 τέρῳ
277 2013 334 2091 τῆς
360 2013 423 2073 τῶν
455 2009 628 2096 φιλαρέτων
661 2007 785 2094 ἀνδρῶν
814 2009 947 2096 ἐφέσεως
976 2009 1102 2092 θέμενοι
1134 2008 1277 2093 λέγωμεν,

58 2121 87 2204 ll.
102 2117 155 2178 ⁵67
173 2105 290 2174 ὁπόσον
306 2107 406 2187 οὕτως
422 2109 543 2196 λέγουσιν
560 2110 685 2198 ἐφικτόν
704 2109 744 2176 ἀν
766 2110 821 2195 εἴη.
859 2114 885 2176 εί
899 2111 959 2197 γάρ
974 2107 1068 2196 ἀγιῶς
1084 2109 1205 2194 έχουσιν
1223 2109 1281 2175 osis

173 2211 212 2277 ἀν
228 2237 303 2278 ποτε
319 2211 434 2298 γένοιτο
457 2214 550 2300 λέγειν
564 2211 686 2298 ἀθρόον
701 2211 823 2278 ἅπαντα
841 2211 1041 2294 συνελόντας,
1070 2219 1167 2301 σχολῇ
1186 2212 1218 2299 γ’
1242 2211 1281 2280 ἀν

173 2314 219 2399 εἴη
242 2311 364 2400 δήπου,
391 2319 443 2382 καί
463 2314 566 2406 χρόνῳ
591 2319 642 2382 καί
669 2322 806 2404 κεφαλῆς
834 2313 983 2402 ἀλγηδόσι
1005 2314 1193 2396 τοσαύταις,
1228 2317 1282 2380 καί

172 2415 239 2500 ἅμα
262 2428 331 2494 ταῖς
353 2424 410 2484 νῦν
429 2417 707 2508 παρεισπεσοόσαις
727 2419 779 2484 διά
794 2419 929 2503 τὴντῶν
948 2415 1111 2505 δογμάτων
1135 2429 1325 2486 ruovora-20

114 2529 116 2536 '
170 2522 246 2603 μίαν
267 2517 380 2597 λάπαις
407 2522 657 2606 δαπανωμένοις,
686 2521 781 2607 λέγειν
804 2519 929 2588 ἅπαντα
952 2521 1025 2589 κατ’
1050 2522 1136 2606 ἴχνος
1157 2519 1280 2597 ίόντοις·

57 2629 90 2682 V·
105 2625 157 2696 459
170 2621 221 2690 ὅτε
236 2619 297 2713 γάρ
311 2649 367 2710 μοι
381 2625 459 2716 πρὸς
472 2619 642 2715 εὐρωστίαν
656 2616 689 2692 ei
701 2624 867 2714 πεφυκέναι
881 2626 953 2712 ἐνῆν
966 2625 1024 2713 τήν
1040 2631 1104 2693 τῶν
1123 2627 1283 2710 αίσθητη-

218 2891 220 2900 1
240 2805 284 2862 22.
300 2804 354 2860 Pro
371 2799 418 2865 ὅτε
432 2806 566 2879 Ιερελιεταε
579 2802 611 2872 δ,
628 2805 703 2862 Boio.
717 2805 784 2861 coni.
799 2795 832 2878 oi.

171 2958 248 3030 qnasi
263 2977 355 3030 nempe
368 2960 409 3014 sui
423 2959 505 3030 ipsius
517 2964 545 3013 et
557 2959 738 3029 praestitorum
750 2959 950 3014 immentorum
962 2958 1031 3012 l'oret
1046 2955 1157 3024 oblitos,
1173 2973 1222 3010 nec
1232 2957 1282 3011 bo·

170 3030 280 3093 minum,
298 3029 342 3099 qui
364 3029 425 3083 illuc
442 3028 514 3083 multi
531 3037 719 3095 convenerant,
743 3030 941 3094 conscientiam,
957 3045 1004 3081 nec
1023 3027 1105 3080 tacita
1119 3026 1217 3079 iudicis
1236 3044 1282 3080 re·

172 3105 309 3150 vereretur
323 3099 439 3163 illorum,
457 3115 542 3151 coram
555 3100 650 3168 quibus
665 3099 837 3152 immanifesta
852 3099 950 3151 scelere
963 3097 1139 3166 deprehensus
1152 3095 1282 3149 mendacii

171 3173 200 3220 et
216 3166 361 3235 iniquitatis
380 3175 544 3236 argueretur.
584 3169 653 3222 Nam
672 3168 715 3221 ille
735 3168 763 3220 id
782 3169 852 3238 quod
872 3175 945 3228 erat,
961 3166 1062 3218 minime
1076 3169 1148 3227 erat;
1165 3171 1193 3217 et
1209 3165 1281 3232 quod

171 3251 222 3288 noa
236 3242 300 3298 erat,
318 3234 346 3286 id
359 3235 479 3306 ipsumre
488 3253 551 3290 vers
566 3244 632 3300 erat,
650 3253 698 3306 pro
711 3236 867 3306 imperatore
879 3253 963 3289 merus
979 3242 1114 3302 tyrannus,
1151 3250 1179 3285 ro
1194 3233 1281 3287 iudica

171 3313 310 3358 accusator
322 3314 409 3359 noster
422 3313 450 3358 et
464 3305 646 3359 inexcusabilis
661 3317 822 3375 persecutor.
857 3305 928 3359 Adeo
942 3303 1030 3356 infelix
1044 3303 1104 3365 ille,
1123 3249 1211 3354 divina
1230 3319 1283 3372 ope

171 3371 327 3437 destitutus,
349 3374 383 3426 de
402 3392 449 3427 suo
468 3383 538 3428 statu
560 3373 718 3440 declinavit,
743 3383 771 3426 et
790 3373 995 3444 spectatoribus,
1019 3389 1076 3424 cum
1093 3372 1126 3423 ob
1150 3370 1282 3438 ingenium

171 3449 226 3496 tum
244 3442 278 3494 ob
299 3459 430 3496 sermones
446 3449 474 3495 et
492 3443 630 3497 iuvenilem
649 3444 719 3496 illum
734 3461 844 3508 morem,
869 3443 998 3513 publicum
1013 3439 1149 3494 ludibrium
1170 3440 1282 3494 exstitit.

241 3528 267 3584 7.
285 3527 338 3580 Sed
352 3528 470 3596 quoniam
486 3528 617 3599 plerique,
634 3529 745 3582 animum
762 3529 886 3581 babentes
901 3525 1017 3580 discendi
1032 3531 1060 3578 et
1072 3524 1196 3579 audiendi
1208 3526 1307 3594 cupi-⁴

171 3594 249 3660 dum,
266 3611 314 3649 nos
336 3595 404 3650 ultra
423 3598 546 3666 progredi
568 3598 636 3650 baud
652 3599 755 3662 sistunt,
774 3605 908 3680 antequam
923 3613 971 3658 ea,
988 3611 1056 3664 quse
1071 3589 1133 3647 tine
1147 3594 1220 3647 dicta
1235 3599 1284 3648 aut

170 3665 244 3722 facts
256 3665 372 3729 fuerint,
389 3667 473 3719 fusius
492 3667 700 3736 exposuerimus,
718 3667 782 3720 utile
796 3667 898 3718 scilicet
909 3665 1021 3716 futurum
1036 3663 1179 3716 bominibus
1194 3679 1281 3716 esem-

170 3734 242 3806 plam
261 3733 401 3788 athleticae
418 3745 446 3789 et
460 3735 617 3803 martyribus
636 3735 731 3818 dignae
750 3736 925 3798 constantiam
942 3733 975 3786 iia
989 3732 1158 3802 praesertim,
1179 3731 1240 3800 qui,
1257 3730 1280 3784 si

170 3813 273 3874 tempus
290 3803 375 3866 lsrst,
394 3821 441 3874 pro
462 3807 544 3858 sacris
564 3803 693 3872 dogmatis
710 3804 847 3857 decertare
869 3804 976 3866 ardent,
994 3819 1060 3870 age,
1077 3800 1170 3870 capitis
1186 3801 1284 3852 dolori·

172 3873 221 3926 bus
234 3871 387 3940 optimorum
400 3874 513 3927 virorum
526 3873 655 3927 desiderio
669 3873 839 3943 posthabitis,
858 3888 907 3941 pro
920 3889 951 3924 ea
969 3870 1108 3931 facultate,
1124 3887 1193 3938 quae
1206 3868 1283 3922 nobis

171 3941 211 3996 ita
223 3941 326 3996 allectis
338 3943 439 4010 reliqua
454 3950 511 4006 est,
529 3942 695 3996 disseramus.
722 3943 858 3996 Enimvero
870 3941 893 3992 si
910 3939 1076 3993 omniasimul
1090 3939 1200 3992 diceudo
1212 3955 1283 3991 com·
1391 3943 1394 3946 ’

191 4011 293 4065 lectiae
306 4010 326 4063 ii
334 4011 437 4080 quidem
449 4019 566 4082 possunt,
574 4012 667 4080 quibus
676 4011 743 4066 belle
751 4019 806 4074 est,
822 4028 870 4064 uos
882 4017 963 4073 certe,
973 4009 1018 4078 qui
1028 4016 1057 4060 et
1063 4008 1135 4060 senio
1145 4015 1173 4061 et
1186 4007 1282 4076 ospitis

172 4029 308 4136 doloribus
325 4081 407 4134 tantis
425 4081 537 4135 conlecti
554 4097 656 4144 sumus,
681 4087 709 4133 et
721 4081 848 4149 gravibus
860 4086 997 4148 praeterea
1013 4077 1138 4130 molestiis
1153 4076 1284 4130 consumi·

142 4195 147 4205 .
173 4165 246 4212 ιιιιιε,
265 4167 330 4232 quas
343 4166 468 4206 novarum
483 4149 629 4218 opinionum
649 4149 786 4203 insolentis
804 4149 853 4201 boc
867 4157 983 4216 temporo
995 4144 1100 4208 attulit,
1117 4155 1239 4200 accurate
1253 4149 1283 4198 et

173 4217 308 4284 sigillatim
327 4218 411 4272 omnia
433 4218 555 4289 persequi
570 4218 689 4271 oratione
704 4219 781 4272 molto
798 4218 881 4270 minus
898 4216 950 4286 ipsi
971 4215 1119 4284 poterimus.
1154 4213 1283 4268 Nimirum

173 4288 279 4355 quando
295 4287 324 4342 in
337 4303 378 4343 ms
391 4304 513 4342 masuam
524 4286 565 4340 ris
578 4285 705 4342 samsima
718 4285 834 4358 vigebat,
852 4303 902 4340 non
911 4301 943 4342 ea
953 4282 1125 4350 iaitoocasio,
1139 4298 1283 4354 quaenunt
