2724 5168
200 108 276 186 756
422 185 423 188 ,
491 116 728 188 NICEPHORI
749 114 990 186 GREGORAE

36 301 67 354 A.
81 263 113 352 u.
125 293 260 372 6854ραν
283 283 339 352 ἰοίν
363 277 512 370 πρότερον
532 279 749 366 συνεβούλευες
770 281 827 365 μὲν
846 280 914 365 ἰμοί
935 278 976 348 τὰ
1000 281 1154 348 δοκοῦντα
1165 279 1297 366 χρηστά,

35 463 36 466 ¹
69 371 121 422 ¹¹¹⁶·
134 365 336 489 “perierante
356 387 389 454 δ’
414 379 470 454 οὖν
492 389 782 470 δυσανασχετοῦντα
806 386 857 450 καί
877 384 922 469 μὴ
946 382 1148 467 πειθόμενον,
1173 383 1213 450 άν
1234 409 1301 448 τινα

102 507 135 560 V.
143 488 357 580 383πρόφασιν
377 486 397 575 ἦ
419 489 459 573 σὴ
480 487 560 554 καθ’
583 485 673 572 ἡμῶν
695 495 752 572 τῆς
765 490 873 563 κακίας
896 483 1013 570 ταύτης
1026 483 1169 569 συσκευή.
1196 493 1251 552 νῦν
1265 486 1297 552 δ’

201 596 312 664 ούδένα
334 618 384 659 σοι
408 589 498 678 λόγον
519 589 767 679 εὐπροφάσιστον
791 587 876 672 οἰμαι
892 595 1069 677 λελεῖφθαι,
1093 589 1171 676 πρδς
1185 588 1300 654 ἀπολο-

199 701 269 786 γίαν
287 704 350 764 τῶν
364 693 446 762 οὕτω
467 695 631 779 δρωμένων
652 691 739 760 ἰόντι.
767 692 850 770 ἅπαξ
862 693 920 780 γάρ
934 689 1109 779 ἀπειρηκότι
1123 690 1321 758 παντάπασιᾰ

201 802 259 885 τὴν
283 799 361 887 πρὸς
375 799 428 882 ἰμὲ
448 801 504 864 τοῦ
530 803 640 864 λοιποῦ
659 799 858 884 συμφωνίαν,
882 797 915 873 έξ
937 795 1083 878 οὐδεμιᾶς
1106 793 1301 881 προφάσεως,

102 903 313 972 minonem
328 903 395 986 περὶ
408 908 470 966 τῶν
483 897 716 983 ἀποβαινόντων
733 901 875 966 ἐντεῦθεν
894 909 959 976 τοῖς
975 896 1134 982 Ῥωμαίων
1146 896 1304 984 πράγμασι

201 995 370 1092 δυσχερῶν·
382 1010 538 1070 ποιεῖσθαι
559 1001 650 1089 λόγον
669 999 882 1092 πεφρόντικας.
910 1005 950 1067 Εἰ
964 995 1018 1068 ούν
1032 1001 1093 1085 όψέ
1111 1009 1203 1087 γοῦν,
1227 1001 1306 1085 μετιί

200 1110 259 1194 τὴν
273 1118 380 1194 πεῖραν
397 1114 454 1191 τῆς
470 1103 655 1189 ἀποβάσεως
677 1110 728 1174 καί
751 1111 813 1172 τῶν
834 1107 866 1171 ἰν
889 1103 960 1188 bura
978 1109 1110 1190 διηνεκεῖ
1120 1111 1242 1184 κακῶν,
1264 1106 1305 1182 εἰς

202 1213 239 1278 τό
254 1217 309 1296 τῆς
323 1206 444 1298 εἰρήνης
456 1209 650 1293 άπαβλέιμαις
666 1209 771 1290 καλὸν,
797 1205 901 1287 σιύζεις
915 1209 972 1292 μέν
984 1208 1020 1276 τό
1035 1204 1229 1290 κατάλειμμα
1243 1214 1304 1273 τῶν
1311 1219 1356 1271 iu·

197 1312 367 1397 Ῥωμαίων,
387 1312 491 1393 παίζεις
507 1315 541 1379 δέ
554 1313 681 1394 σαυτόν,
703 1315 754 1378 καὶ
769 1312 899 1396 βασιλέα
912 1311 970 1378 τόν
982 1313 1061 1391 νέον,
1082 1311 1161 1393 μετὰ
1176 1317 1233 1394 τῆς
1243 1338 1305 1394 μη-

202 1419 277 1504 τρὸς
297 1419 348 1482 καὶ
361 1419 522 1501 βασιλίδος
529 1416 647 1500 Ἄννης.
676 1419 702 1482 εἰ
716 1417 750 1484 δέ
770 1411 967 1498 ταῖςόμοίοις
980 1414 1023 1480 ότι
1038 1415 1139 1490 θέλεις
1156 1413 1303 1496 ἐμμένειν,

200 1518 288 1606 ἡμεῖς
301 1521 358 1604 μέν
374 1520 430 1586 ούκ
448 1520 608 1586 έδελονταί
629 1521 858 1603 βουληθείημεν
875 1517 915 1584 ι’έν
930 1523 1010 1584 ’ποτε
1027 1517 1169 1604 γενίσθαι
1183 1523 1240 1599 τῆς
1259 1519 1305 1582 οἰ-

172 1626 285 1700 Βκείας
304 1619 401 1708 τύχης
417 1625 467 1688 καί
485 1627 564 1708 ζωῆς
584 1619 752 1710 προδόται·
779 1625 832 1688 συλ
845 1623 864 1687 δ
870 1620 880 1648 ‘
906 1619 992 1688 έσται
1006 1618 1178 1705 μετάμελος
1192 1617 1305 1704 ἀνόνη-

200 1753 274 1808 τος,
298 1725 507 1816 αἰσχυνομένῳ
530 1727 581 1792 καί
603 1721 807 1791 κινδυνεύοντι
827 1727 894 1810 περί
913 1723 953 1789 τά
969 1725 1114 1810 μέγιστα,
1137 1720 1195 1788 σύν
1217 1748 1250 1810 γε
1265 1721 1303 1806 δὴ
1313 1741 1342 1796 15

42 1817 45 1826 ’
99 1849 101 1857 ’
200 1840 268 1906 τοῖς
289 1826 390 1900 ταύτά
412 1853 461 1894 σοι
478 1829 785 1911 συμβουλευομένοις.
806 1825 942 1911 Ὄμνυμι
963 1828 1000 1894 δέ
1012 1851 1061 1894 σοι
1076 1826 1132 1910 τὴν
1148 1823 1238 1912 ἁγίαν
1255 1828 1306 1892 καί

201 1930 372 2016 ζωαρχικὴν
385 1927 516 2016 τριάδα,
538 1929 593 1997 τόν
609 1931 662 1996 ένα
676 1931 771 2011 θεὸν,
795 1926 838 2006 ὥς
851 1929 921 1996 ούτε
937 1932 1049 2010 ζῶντος
1062 1936 1118 1995 τοῦ
1130 1931 1305 2014 μακαρίτου

200 2033 372 2120 βασιλέως,
400 2032 471 2100 ούτε
491 2029 666 2115 θανόντος,
689 2033 878 2118 μεμελέτηκα
899 2033 970 2099 ούτε
998 2031 1202 2116 βεβούλευμαι
1227 2035 1306 2123 δρᾷν

200 2143 264 2206 τῶν
288 2133 434 2204 ἁπάντων
451 2135 559 2218 obeb,
585 2135 662 2222 ὃμὴ
686 2136 767 2202 κατὰ
781 2133 906 2221 γνώμην
927 2129 966 2219 ἦν
990 2137 1108 2224 ἰκείνῳ,
1135 2142 1198 2201 τῶν
1211 2142 1306 2218 βασι-

201 2242 290 2308 λείων
305 2241 392 2320 ἕνεκα
415 2237 604 2326 πραγμάτων
621 2239 763 2325 δηλαδὴ,
787 2236 858 2306 οὔτε
875 2239 939 2322 μὴν
953 2239 1032 2306 κατιλ
1050 2246 1106 2323 τῆς
1121 2239 1235 2304 ἐκείνου
1248 2234 1344 2313 συ-’ω

172 2341 311 2430 Οζύγου,
336 2341 407 2408 οὔτ’
429 2335 469 2410 αὖ
495 2342 576 2408 κατά
598 2350 655 2409 τού
678 2343 747 2410 νέου
762 2339 913 2432 βασιλέως
933 2339 1076 2408 κάκείνων
1092 2341 1197 2418 υἰίως·
1225 2340 1303 2407 οὔθ’

199 2444 239 2534 ἣν
261 2445 428 2512 ἀπεδίδουν
444 2447 523 2530 μετὰ
537 2446 593 2512 τόν
616 2453 673 2514 τοῦ
693 2445 845 2529 βασιλέως
860 2439 1003 2516 θάνατον
1021 2444 1183 2528 βασιλικὴν
1204 2441 1305 2529 έμοιγε

199 2549 308 2636 τιμὴν,
333 2551 366 2615 έν
387 2559 457 2626 ταῖς
481 2545 668 2633 ύπαντήσεσι
691 2554 755 2615 τῶν
780 2549 898 2615 οἰκείων
920 2539 1226 2631 άποβάντεςῗππιυν,
1251 2554 1306 2632 τῆς

267 2664 295 2720 2
318 2657 391 2730 εἶχεν
412 2659 473 2718 edd.
491 2661 549 2716 eod.
567 2659 628 2718 Vnt
698 2661 726 2720 5.
747 2653 909 2732 άπιιρηιιότι
925 2653 1160 2730 ρεοάπαρηκάς,
1183 2666 1214 2714 ut
1230 2659 1305 2714 Boiu.

266 2737 383 2789 mnout.

198 2819 234 2886 ri,
251 2820 322 2880 fecto
339 2819 410 2892 prim
422 2817 473 2872 mei
486 2817 611 2889 periculo,
625 2815 773 2888 etquidem
784 2815 910 2870 meeieeee
923 2815 994 2881 mibi,
1012 2833 1079 2888 qune
1094 2822 1122 2869 tn
1136 2816 1231 2888 optime
1244 2835 1304 2870 cen-

199 2890 307 2955 ιαίεοει,
324 2907 365 2943 me
380 2885 441 2944 vero
452 2889 628 2958 impatientem
639 2895 666 2941 et
678 2888 779 2940 minime
793 2886 938 2940 audientem
953 2886 1022 2940 dicto
1035 2887 1197 2951 offendisses,
1212 2886 1306 2940 suimet

200 2957 377 3040 eorieeiiquie
396 2969 456 3016 tuoe
473 2957 559 3010 innon
580 2957 684 3027 iniquae
701 2956 841 3010 molitionis
862 2963 1020 3027 praetextus.
1056 2957 1133 3009 Nune
1145 2973 1207 3009 vero
1227 2955 1305 3020 nuile,

201 3027 302 3096 opinor,
316 3027 363 3080 ubi
391 3027 517 3080 leueibiiie
530 3025 597 3079 ratio
609 3026 700 3080 relicte
714 3033 763 3090 eet,
781 3025 804 3077 ei
817 3025 850 3078 ed
864 3043 897 3078 ee
908 3041 974 3096 quee
986 3025 1072 3079 iecisti
1083 3025 1246 3078 defendenda
1259 3041 1306 3094 ug·

201 3095 331 3164 gradiare.
365 3046 475 3150 Xbiecm
493 3094 558 3148 enim
572 3096 665 3158 remei,
683 3095 751 3146 nullo
769 3101 922 3163 praetextu,
939 3097 1007 3148 omni
1024 3112 1120 3148 mecum
1137 3096 1305 3166 inposterum

201 3164 396 3228 coniunctione,
411 3163 505 3218 nuilem
521 3164 615 3218 deinde
625 3180 727 3227 euram,
745 3163 839 3216 nullum
852 3164 977 3217 rationem
997 3164 1110 3216 habuisti
1124 3181 1210 3217 eorum
1227 3163 1305 3216 meio-

201 3249 267 3296 rum,
286 3236 392 3302 quaein
406 3233 545 3286 Romanum
559 3232 693 3302 imperium
704 3233 764 3286 inde
777 3233 958 3286 redundarent
982 3235 1018 3286 At
1031 3232 1054 3284 ri
1066 3249 1125 3285 aero
1136 3228 1236 3297 saitem,
1249 3233 1307 3301 ipro

202 3309 296 3356 euentu
311 3309 337 3354 ei
348 3303 468 3364 contiuuo
481 3303 602 3354 melorum
615 3309 752 3372 conspectu
765 3302 880 3369 edoctus,
893 3302 926 3355 ed
936 3303 1007 3372 pecie
1021 3305 1089 3355 bonu
1100 3303 1236 3372 respicias,
1250 3318 1307 3354 eer-

201 3371 275 3424 rnbie
286 3370 424 3424 etiamnum
437 3379 464 3422 et
476 3371 645 3424 Romanorum
658 3371 727 3440 quod
738 3378 872 3440 superest,
888 3380 955 3426 etto
968 3374 1068 3442 iprum,
1085 3379 1113 3423 et
1123 3371 1249 3424 iuniorem
1261 3371 1308 3423 im·

116 3457 117 3460 ’
200 3445 347 3512 peretorem
363 3457 420 3494 oum
437 3447 519 3494 metro
536 3443 610 3494 Anna
625 3439 798 3508 imperatrice.
831 3441 880 3493 Sin
895 3441 961 3494 velie
973 3441 1001 3494 in
1013 3441 1101 3494 eodem
1117 3457 1218 3509 semper
1229 3439 1307 3494 insti-

202 3514 259 3564 mm
270 3516 410 3579 petowe,
426 3508 500 3562 nobie
515 3525 594 3572 eene,
611 3516 640 3561 ut
652 3509 781 3562 inmunem
796 3527 827 3562 nc
840 3510 920 3563 vitem
940 3515 1052 3564 nostram
1073 3510 1142 3562 ultro
1160 3509 1306 3580 prodemus,

199 3595 330 3650 nunquam
348 3577 495 3632 volentibur
513 3577 629 3632 eccidetr
646 3583 774 3632 terentem
793 3580 962 3650 nequicquam
979 3579 1136 3649 poenitebit,
1153 3577 1252 3648 pudore
1266 3578 1305 3630 ef-

179 3649 311 3724 qfectum,
329 3655 358 3701 et
373 3648 400 3700 in
418 3645 532 3700 maximio
550 3647 752 3718 periclitantem,
770 3665 827 3702 eum
845 3649 879 3702 iis
897 3649 942 3718 qui
957 3649 1047 3704 eedem
1065 3657 1148 3702 tecum
1169 3645 1305 3700 meruerint.

175 3719 180 3726 ”
198 3718 260 3787 Ego
268 3735 330 3772 vero
340 3725 529 3770 reoroeanctern
540 3717 682 3786 almamque
687 3717 851 3780 Trinitatem,
861 3717 941 3771 Deum
949 3717 1059 3780 unicum,
1067 3716 1133 3779 iuro,
1142 3728 1182 3770 nie
1193 3716 1305 3768 neeriro

162 3823 164 3828 -
198 3787 286 3848 Divae
303 3785 438 3842 memoriae
456 3787 627 3853 imperatore,
652 3803 700 3840 nec
714 3785 803 3840 eodem
819 3794 935 3850 mortuo,
952 3787 1099 3840 meditatum
1113 3803 1170 3838 esee
1184 3793 1232 3837 eut
1245 3801 1305 3838 eon·

199 3857 315 3909 etituisee
328 3855 467 3926 quidquam
478 3855 577 3918 iecere,
595 3853 663 3923 quod
680 3873 731 3908 non
748 3856 786 3908 ilii
804 3857 938 3926 probatum
953 3855 1054 3918 suimet,
1108 3863 1194 3908 rutum
1206 3853 1306 3908 scilicet

200 3927 235 3982 ud
252 3926 420 3996 imperatorie
437 3924 543 3992 negotio
561 3923 710 3978 attinuerit:
727 3941 778 3977 non
796 3924 900 3994 quidem
923 3925 1048 3986 udrereue
1064 3924 1082 3976 ii
1093 3925 1133 3976 iue
1155 3923 1304 3990 coniugem

201 4011 284 4064 ueqne
301 3996 377 4048 etium
392 3993 516 4048 edvereue
530 3994 654 4047 iuniorem
668 3995 862 4062 imperatorem,
874 4011 960 4048 eorum
979 3993 1074 4048 filium:
1091 4009 1175 4114 neque
1186 3993 1305 4046 honorem

200 4063 287 4126 illum,
305 4081 379 4132 quem
391 4062 453 4116 mibi
467 4071 528 4136 poet
545 4062 708 4132 imperatorie
729 4068 835 4116 mortem
850 4064 975 4132 propriis.
985 4062 1059 4186 equis
1071 4061 1126 4114 dee'
1139 4062 1221 4116 ieutee
1236 4060 1304 4113 obvii
1330 4085 1343 4114 .-

202 4131 299 4204 quique
310 4133 473 4198 tribuebant,
490 4133 524 4188 de
536 4133 665 4188 numum
678 4129 809 4204 menmibi
822 4147 950 4204 uuquam,
967 4149 996 4186 re
1027 4131 1134 4204 proprio
1150 4129 1259 4202 quodum
1272 4125 1303 4188 ῖΙ·
