2804 4778
195 245 296 320 1130
496 247 736 321 NICEPHORI
754 243 998 315 GREGORAE

32 435 61 488 t.
72 417 239 488 λλδδὸῖλδ
258 415 295 486 νδ
316 421 413 481 ποιεῖν
420 413 453 495 ,”
474 412 570 502 φησὶ,
597 411 677 494 „soi
700 411 828 498 ἐνεργεῖν
851 412 916 476 τῶν
942 411 1107 490 πολλαχῶς
1134 407 1319 492 λεγομένων

13 505 14 510 ¹
79 495 160 552 ΜΛ
198 522 291 590 ἐστίν.
319 517 356 584 οὗ
372 516 433 604 γάρ
450 517 486 582 rb
503 518 610 597 κτίζειν
623 515 764 599 σημαίνει
782 508 898 597 μόνον,
915 509 995 576 ἀλλὰ
1009 512 1087 598 πρὸς
1099 517 1232 587 πολλοῖς
1249 510 1318 576 ἔτί-

198 648 263 713 ροις
279 619 380 687 καὶτὸ
396 625 535 707 φυσικῶς
554 619 697 706 ἐνεργεῖν·
719 614 762 693 ὡς
784 617 835 680 καὶ
853 615 908 702 τὸν
924 610 1012 698 ῆλιδν
1028 639 1131 701 φαμεν
1149 613 1319 698 ποιητικόν

171 731 260 812 θεῆς
272 721 407 811 ἡμέρας,
435 719 489 787 ἅτε
511 727 649 808 φυσικῶς
661 718 759 803 αὐτὴν
776 720 975 798 διατελοῦντα,
996 715 1078 784 οδτοι
1093 718 1146 783 καί
1161 717 1199 784 τδ
1216 723 1316 782 πνεῦ-

198 856 246 913 μα
268 833 324 912 τῆς
348 825 518 909 ἀληθείας,
540 827 591 890 καὶ
614 822 654 888 τά
674 821 775 912 τοότιρ
797 821 1116 907 συναπηριθμημίνα,
1145 822 1337 887 διατελῶ-5

201 957 250 998 σιν
270 928 418 1008 άκτιστα,
446 928 509 992 inei
532 935 614 992 ποιεῖ
631 927 682 991 καὶ
706 927 818 1012 ἐνεργεῖ
837 929 937 989 ταῦτα
957 921 993 988 rii
1018 929 1137 1006 πνεῦμα
1155 923 1192 988 τδ
1211 923 1316 1008 ἅγιον,

201 1031 244 1111 ὥς
255 1027 412 1120 ίμφότους
426 1028 606 1116 δνερχείας.”
627 1023 751 1094 ιλκοόετε
766 1029 913 1114 γραϊδίων
927 1021 1111 1112 φληνάφων,
1124 1023 1318 1112 αὐτόχρημα

201 1133 310 1223 φάναι,
338 1129 513 1220 ληρῆματα.
541 1126 810 1216 Πνευματομάχος
825 1119 884 1216 γάρ
901 1125 1049 1216 ὑπάρχων
1063 1128 1188 1215 σοφῆς,
1207 1129 1318 1195 ἔπειτα

171 1234 325 1327 Εφεόγειν
342 1233 526 1321 πειρώμενος
540 1233 697 1317 τοῦνομα,
724 1236 836 1320 γίνεται
857 1235 968 1318 χείριον
990 1231 1033 1297 ἔτι
1055 1237 1177 1315 μᾶλλον
1193 1233 1320 1298 ἐκείνων·

203 1349 335 1427 μακροῖς
355 1361 418 1404 τισι
440 1338 581 1425 μέτροις·
608 1339 659 1402 καί
680 1337 774 1402 κακδν
792 1343 890 1402 ποιῶν
908 1333 1020 1401 inorbo
1041 1331 1316 1420 ἀλλοπρόσαλλον,
1327 1347 1357 1399 1⁰

202 1446 256 1509 tta
277 1443 375 1526 δῆθεν
392 1438 535 1529 λανθάνῃ
563 1436 789 1526 διαδιδράσκων
810 1438 956 1522 robuste
976 1440 1084 1514 κακίας
1106 1438 1271 1522 ἐλέγχους,
1301 1434 1318 1504 ό

206 1547 241 1613 δὲ
255 1544 367 1628 λέληθε
382 1549 502 1627 μᾶλλον
517 1535 611 1621 αότδς
631 1540 742 1610 ἑαυτὸν
759 1538 959 1624 ἁλισκόμενος
972 1538 1181 1624 πανταχόθεν.
1210 1541 1245 1606 σῖ
1258 1541 1318 1628 γὰρ

204 1654 262 1732 τῆς
278 1646 375 1713 aizoo
390 1649 498 1723 κακίας
509 1647 638 1734 πατέρες
652 1641 931 1730 Πνεοματομάχοι,
948 1646 1066 1729 ποίημα
1082 1645 1222 1729 λέγοντες
1239 1643 1319 1710 εἶναι

206 1751 244 1816 vd
264 1755 384 1833 πνεῦμα
391 1799 401 1830 ,
430 1748 574 1837 καθάπερ
590 1749 708 1837 ’Ἄρειος
732 1750 787 1815 τδν
809 1747 894 1828 οἶόν,
923 1745 1108 1824 ἀκολούθως
1123 1750 1175 1812 καὶ
1197 1750 1319 1830 κτίσμα

182 1851 302 1920 Froair‘
319 1854 351 1930 ἐξ
371 1849 506 1938 ἀνάγκης
522 1852 676 1942 ἴφασκον·
703 1848 757 1918 aire
774 1851 819 1936 μὴ
844 1851 1016 1934 δυναμένης
1033 1848 1112 1935 μῆτε
1130 1857 1189 1934 τῆς
1213 1875 1317 1935 τεχνι-
1326 1861 1356 1914 15

207 1962 264 2041 τῆς
278 1951 438 2039 μεθόδου,
465 1953 543 2040 μῆτε
559 1961 691 2044 φυσικῆς
704 1962 766 2020 τῶν
785 1952 964 2040 άνθράνιιον
975 1951 1137 2039 prointus,
1166 1952 1319 2019 άκτιστον

206 2059 326 2140 ποίημα
345 2055 439 2142 λέγειν
460 2057 544 2124 nord.
581 2055 597 2124 ό
619 2059 653 2132 δὲ
673 2059 771 2143 μηδὲν
790 2054 1007 2142 αἰσχυνόμενος
1032 2055 1177 2125 άκτιστον
1193 2059 1318 2142 ποίημα

208 2155 393 2244 τετόλμηκεν
415 2157 477 2245 ῆδη
505 2167 685 2243 νομοθετεῖν
714 2161 746 2225 ἒν
765 2172 834 2238 τοῖς
861 2159 1004 2243 ἐσχάταις
1023 2157 1152 2235 ταόταις
1171 2155 1317 2246 ῆμίραις.

210 2261 304 2348 ἐχρῆν
319 2255 375 2328 οὖν
390 2262 448 2326 καί
462 2259 546 2346 ῆμᾶς
567 2264 720 2329 ἐνταυθοῖ
731 2269 831 2349 σιιοιιῇ
852 2263 893 2328 τά
916 2269 1047 2329 τοιαῦτα
1069 2260 1269 2346 μισῆσαντάς
1285 2287 1317 2328 τε

211 2366 262 2431 καί
285 2363 326 2431 τό
350 2355 417 2430 ὦτοι
445 2362 606 2447 βόσαντας
630 2375 735 2452 φυγεῖν
757 2364 819 2432 sind
839 2364 935 2451 ἀκοῆς
957 2371 1102 2452 πονηρᾶς.
1138 2364 1212 2431 ἀλλ’
1236 2367 1354 2447 ἐντελῆ)

102 2475 132 2533 Pa
147 2468 201 2534 708
217 2467 270 2534 διὰ
284 2473 341 2534 τοῦ
355 2466 517 2556 ἀνέλεγκτα
531 2466 707 2569 ψεόδεσθαι
722 2476 834 2536 τοῦτον
848 2467 972 2538 άνόσιόν
986 2495 1018 2536 τε
1031 2471 1083 2535 καί
1099 2467 1319 2558 αδοοχειροτό-

281 2649 309 2707 fl·
325 2645 380 2720 peip
392 2647 461 2705 οοοὶ.
476 2647 560 2738 capp.
584 2661 634 2719 pro
649 2651 745 2720 poster.
757 2649 814 2704 καί

212 2801 338 2868 cbristo,
353 2800 493 2874 patientia!
534 2801 624 2872 (vn.)
640 2800 782 2868 „Verum”
800 2799 893 2871 inquit,
910 2799 1081 2868 „rerbabaeo
1092 2803 1188 2856 ποιεῖν
1202 2805 1231 2855 et
1243 2798 1317 2870 ἐνεο-

231 2879 286 2939 εῖν,
303 2872 388 2926 idest
406 2872 494 2925 iacere
512 2879 540 2924 et
559 2871 678 2940 operari,
694 2877 755 2924 sunt
772 2871 805 2924 do
825 2871 924 2924 illorum
942 2888 1062 2933 numero,
1080 2888 1146 2940 quae
1160 2873 1251 2941 plures
1273 2875 1319 2925 lra-

212 2893 278 2996 ieut
289 2941 459 3010 significatus.
493 2943 552 2995 Neo
563 2940 629 2993 euim
642 2957 731 2993 creare
743 2940 894 2993 solummodo
909 2939 1065 3009 significant,
1084 2941 1130 2992 aed
1147 2947 1255 3009 praeter
1267 2942 1319 2994 alia

213 3011 297 3064 multa
317 3010 468 3081 significant
484 3008 560 3063 etiam
579 3010 731 3062 naturaliter
744 3010 855 3078 operari.
891 3011 960 3062 Nam
979 3009 1186 3077 quemadmodum
1206 3026 1223 3062 a
1244 3010 1318 3063 nobis

215 3079 312 3131 dicitur
327 3081 365 3133 soi
382 3079 448 3133 diem
465 3080 571 3144 tacere,
587 3085 679 3148 utpote
693 3095 768 3147 quam
783 3078 935 3131 naturaliter
954 3078 1073 3147 perficit;
1090 3078 1127 3130 ita
1140 3085 1194 3130 tum
1210 3079 1318 3149 spiritua

215 3146 351 3212 veritatis,
369 3153 421 3200 tum
435 3147 489 3212 aiii,
508 3165 572 3218 quoa
586 3149 668 3200 eidem
692 3147 928 3210 annumeravimus,
945 3147 1054 3199 increati
1067 3153 1235 3216 parmanent3
1253 3166 1319 3218 quo-

215 3216 284 3269 niam
299 3233 344 3268 eoo
358 3215 415 3286 ipse
430 3216 547 3287 Spiritus
561 3223 676 3280 sanans,
693 3223 722 3268 ut
737 3217 838 3268 innatae
853 3225 879 3268 et
891 3217 983 3268 insitas
999 3215 1178 3284 operationes,
1196 3217 1265 3270 facit
1278 3225 1319 3270 st-

217 3301 295 3353 quao
315 3283 429 3341 aratur.”
463 3285 581 3350 Auditis,
598 3293 628 3340 ut
646 3286 728 3338 dicam
743 3285 820 3355 plane
832 3284 900 3353 quod
915 3302 957 3338 raa
980 3295 1035 3348 eat,
1052 3301 1084 3337 nu
1105 3286 1188 3337 auium
1203 3285 1319 3340 anicuia·

216 3367 272 3406 rum
305 3352 459 3406 eliramenta.
495 3354 560 3408 Cum
573 3355 639 3408 enim
654 3353 736 3423 ipsum
749 3371 806 3407 ease
821 3353 1076 3407 Pneumatomacbum
1086 3302 1190 3423 iiquido
1207 3363 1319 3418 constet,

218 3437 251 3478 aa
266 3421 360 3474 deiude
378 3421 455 3475 istam
474 3423 670 3494 appellationem
688 3424 807 3492 effugere
826 3431 945 3488 conetur,
963 3423 1253 3476 Pueumatomucborum
1271 3425 1319 3476 im-

217 3489 372 3559 probitatem
387 3490 464 3559 longo
479 3498 585 3562 superat
597 3492 749 3557 intervallo,
767 3499 794 3544 et
808 3493 929 3545 mutabile
944 3491 1035 3544 malum
1048 3509 1076 3543 ee
1087 3491 1166 3556 iacit,
1186 3501 1215 3546 ut
1227 3510 1319 3563 nempe

217 3557 283 3610 elam
305 3559 378 3611 nobis
396 3559 447 3611 effu
468 3560 519 3625 iat,
536 3576 584 3614 neu
605 3560 659 3614 eius
678 3561 830 3628 improbitas
849 3569 983 3630 arguatur.
1024 3562 1120 3613 Verum
1133 3561 1258 3630 undequa
1277 3580 1320 3624 ua,

219 3625 288 3695 quod
303 3644 353 3680 uon
367 3578 557 3693 animadversio,
570 3630 619 3683 bau
631 3629 789 3699 potissimum
802 3630 904 3682 ratione
917 3637 989 3684 uerte
1002 3638 1095 3699 eaptus
1107 3635 1156 3682 eat.
1182 3630 1252 3684 Naro
1291 3649 1319 3684 e-

217 3695 347 3749 lamiticae
363 3696 534 3766 improbitatis
569 3706 638 3751 atres
660 3699 898 3762 Pneumatomachi5
916 3717 972 3752 oum
992 3708 1107 3753 sanctum
1118 3697 1247 3767 Spiritum
1262 3717 1320 3755 osse

217 3763 315 3818 fautum
328 3765 445 3818 dicerent
459 3767 541 3833 (siout
576 3767 645 3820 ilium
660 3767 772 3821 divinum
786 3769 863 3820 Arius
879 3769 973 3821 factum
986 3785 1044 3822 ease
1056 3767 1182 3836 dixerat),
1196 3785 1320 3821 necessa·

217 3833 260 3887 ria
280 3834 389 3903 quadam
413 3835 591 3889 oonoecutione
608 3845 722 3890 creatum
740 3852 797 3889 esse
817 3835 899 3906 ipsum
921 3839 1089 3901 asserebant3
1113 3835 1319 3906 quandoquidem

219 3900 276 3955 aive
296 3910 353 3956 arte
370 3913 548 3971 comparatas,
565 3905 622 3959 aire
639 3915 761 3958 enatura
775 3905 867 3958 insitas
882 3906 1007 3960 homiuum
1027 3905 1189 3974 cognitiones
1202 3907 1320 3959 consuis·

218 3987 291 4034 mus‚
308 3972 335 4023 id
355 3971 422 4054 quod
435 3973 531 4026 iauum
548 3983 602 4040 est,
619 3973 760 4027 increatum
776 3974 826 4026 dici
842 3991 968 4044 nunquam
983 3975 1087 4046 poterit.
1123 3973 1176 4026 Sed
1191 3973 1319 4037 Panna,

219 4054 297 4107 quem
313 4041 405 4093 nullius
418 4041 458 4094 rei
471 4043 568 4112 pudet,
585 4043 729 4096 novissimis
745 4043 817 4096 hisce
831 4043 933 4108 diebus,
950 4044 979 4097 id
993 4045 1061 4114 quod
1073 4043 1170 4096 tartum
1183 4053 1264 4107 esset,
1280 4044 1320 4096 iu-

219 4115 333 4160 creatum
353 4116 466 4163 statuere
488 4129 538 4165 nou
557 4111 696 4165 dubitavit.
731 4111 874 4180 Oporteret
887 4113 977 4183 itaque
993 4123 1022 4165 ut
1038 4114 1102 4165 baec
1120 4112 1204 4165 omnia
1224 4129 1319 4165 summo

220 4178 371 4246 prosequuti
384 4178 442 4231 odio
451 4175 601 4245 sileremus,
619 4187 646 4233 et
658 4181 799 4234 obttmuis
813 4181 919 4235 auribus
932 4183 966 4236 ab
980 4182 1112 4235 auditione
1126 4182 1194 4234 maia
1206 4179 1320 4234 deelina-

217 4259 315 4298 remus.
350 4245 443 4302 Verum
454 4250 573 4319 qnoniam
585 4251 633 4318 (ex
641 4248 754 4320 eoquod
766 4249 870 4321 impune
882 4251 1021 4307 mundatur
1033 4249 1149 4306 nefarius
1162 4249 1206 4306 ille
1218 4257 1248 4306 et
1260 4267 1319 4304 τοο-
