2724 5168
240 275 315 352 728
375 281 381 290 '
547 285 781 356 NICEPHORI
803 287 1044 358 GliEGOllAE

76 459 105 510 A·
119 455 151 508 ll.
164 450 330 526 δθόβθειάν
342 477 375 518 τε
393 452 443 518 καί
456 447 666 538 Περιθύριον,
693 453 745 518 καλ
761 447 821 520 ὅσα
843 451 896 539 ἐφ’
914 450 1043 541 ἑκάτερα
1057 456 1108 522 καὶ
1121 454 1240 542 μεταξύ
1255 457 1333 522 πολί

109 528 161 580 M
212 556 314 648 Εχνιά
329 582 363 622 τε
385 557 436 622 καὶ
454 557 575 641 χωρία,
602 555 653 620 καὶ
677 554 895 642 στρατεύματα
919 557 1026 623 ἱππικὰ
1040 557 1197 643 τεττάρων
1209 539 1333 626 ἔπίκεινι

234 658 393 752 χιλιάδων.
434 657 505 748 (Δ.)
531 657 650 744 Θίρους
664 658 696 724 δ’
712 659 771 743 ἤδη
785 667 964 742 μεσοῦντος,
984 664 1034 726 καλ
1048 668 1105 746 τῆς
1117 663 1216 748 γῆςίν
1230 662 1333 745 ἀκμαῖς

238 759 438 852 ὑπαρχούσης
453 767 509 826 rori
524 763 630 841 σίτου,
661 762 717 837 τὰς
735 760 878 846 δυνάμεις
892 763 1063 851 ἀνειληφὼς
1080 762 1204 840 ἁπάσας
1219 761 1236 830 δ
1249 772 1333 846 βασι-

239 870 308 946 λεύς
337 862 423 951 ι’μχύς
441 889 501 930 που
524 871 579 930 τοῦ
595 868 786 951 Περιδορίου
798 868 1135 954 παρεστρατοπέδευσε,
1163 870 1214 934 καλ
1229 869 1271 944 είς
1287 864 1333 933 τά·

240 977 285 1054 ξιν
300 967 464 1053 πολεμικὴν
479 965 627 1052 διεκόσμει
643 993 675 1033 τε
690 971 740 1034 καὶ
754 971 916 1036 συνέταττε
931 977 1023 1056 σφᾶς.
1050 970 1111 1056 ἤδη
1126 971 1225 1036 δὲκαὶ
1242 967 1333 1037 &Mo-

237 1077 375 1161 μιτίλας,
405 1067 594 1158 ὁρμητήριον
617 1070 728 1157 ὀχυρὸν
745 1069 857 1138 ἑαυτοῦ
879 1073 915 1140 rel
929 1071 1121 1162 Πιριθόριον
1143 1071 1333 1158 καταστησά-

206 1185 345 1264 Ρμενος,
368 1170 445 1262 ἐξῄει
463 1179 591 1250 πολλαῖς
606 1199 639 1240 τε
656 1177 873 1266 πεφραγμένος·
891 1187 960 1254 ταῖς
983 1174 1130 1258 δυνάμεσι
1155 1179 1207 1242 καί
1227 1179 1333 1242 πλείον

238 1278 483 1366 ἓντετυφωμίνος
499 1284 543 1366 τῷ
556 1274 678 1364 θράσει.
703 1279 774 1344 ούδὲ
786 1279 844 1366 γάρ
860 1281 950 1346 ούδίν
963 1278 1033 1345 οὔτε
1045 1278 1155 1366 μικρὸν
1169 1278 1242 1346 αὕτ’
1257 1280 1333 1364 ἆγεν·

238 1385 288 1461 νίς
301 1380 536 1467 ἀπολογίζεσθαι
556 1373 593 1465 ἦν
617 1379 702 1471 αύτῷ
724 1386 791 1468 περὶ
802 1363 942 1450 'inormi‘
979 1383 1052 1448 ἀλλ’
1082 1381 1184 1468 ὥσπερ
1208 1384 1241 1447 ἓν
1254 1409 1333 1471 χερσ

238 1485 296 1572 τὴν
311 1488 397 1570 νίκην
412 1485 471 1568 ἤδη
490 1486 540 1549 καί
556 1483 617 1570 πρδ
630 1491 686 1568 τῆς
700 1485 806 1572 πείρας
820 1485 896 1571 ἔχων
911 1491 974 1554 τῶν
990 1488 1152 1570 πολεμίων,
1182 1484 1266 1552 οὕτω
1279 1513 1333 1567 μα

239 1596 304 1680 κρῷ
320 1595 364 1678 τῷ
380 1586 493 1674 δράσει
508 1585 585 1674 ῥίων
598 1588 628 1663 ίς
641 1587 756 1670 ’μίσους
770 1589 881 1673 ἤλαυνε
895 1588 968 1665 τούς
983 1592 1155 1671 πολεμίους.
1185 1585 1296 1677 (E.)‘o
1312 1592 1333 1654 δ

135 1699 169 1756 1³.
179 1691 380 1778 457βασιλεδς
396 1691 475 1758 κατὰ
491 1690 633 1773 μίτωαον
653 1697 716 1757 τῶν
732 1696 885 1776 πολεμίων
902 1691 1013 1760 ἑαυτὸν
1033 1692 1112 1774 κατά
1135 1699 1197 1758 τῶν
1210 1689 1333 1776 ‘Ponat

237 1805 299 1864 κῶν
319 1792 479 1878 δυνάμεων
503 1791 729 1876 συνταξάμενος
753 1795 809 1878 τὴν
832 1794 946 1884 ἔφοδον
966 1798 1017 1861 καί
1040 1795 1094 1865 τδν
1110 1792 1227 1882 δρόμον
1251 1796 1333 1882 ίκαρ

238 1901 315 1983 τίρει
333 1904 388 1964 τού
412 1899 601 1978 Μομιτίλου.
629 1895 686 1978 τάς
708 1899 743 1964 δὲ
755 1899 912 1984 Περσικὰς
929 1896 1092 1982 δυνάμεις,
1119 1896 1238 1974 πολλάς
1257 1923 1333 1975 ’τιναιΙ

238 2002 351 2082 ούσας,
378 2003 421 2076 είς
442 1999 554 2086 ἀκριβῆ
572 1997 735 2084 πιριήλασε
752 1998 879 2084 κύκλον,
909 1999 951 2079 ὥς
971 2002 1004 2066 ἓν
1017 2002 1120 2090 μίσιμ,
1148 1998 1295 2086 καθάπερ
1312 2002 1333 2066 o

137 2107 340 2191 7.87οείρκτῇ
354 2105 404 2168 καί
420 2099 549 2191 δικτύῳ,
579 2109 815 2188 συγκλασθῆναι
828 2109 1010 2188 Μομιτίλαν
1029 2105 1108 2188 μετὰ
1128 2101 1231 2188 πάσης
1246 2101 1333 2170 αύτοί

238 2215 296 2292 τῆς
313 2203 482 2288 δυνάμεως.
511 2206 573 2269 ἐπεὶ
588 2207 632 2271 ’δὲ
647 2209 697 2271 καὶ
720 2219 785 2284 τοῖς
805 2215 867 2275 τῶν
885 2209 1057 2293 σαλπίγγων
1072 2233 1105 2274 τε
1121 2209 1172 2274 καλ
1187 2215 1250 2273 τῶν
1264 2233 1333 2291 τυμ-

239 2307 346 2376 πάνων
368 2304 489 2395 κρύτοις
512 2312 746 2395 συναυεκίρνατο
769 2313 819 2376 καί
840 2307 860 2396 ἦ
884 2321 950 2388 τοῖς
970 2307 1145 2399 βαρβάροις
1166 2310 1260 2395 ἤθεσι
1282 2317 1333 2377 τῶι

208 2418 373 2502 ΒΠερσῶν
394 2413 463 2497 περί
493 2411 567 2487 τούς
588 2413 741 2495 πολίμους
763 2411 916 2498 ἡλικιῶτις
936 2414 1050 2500 sclawo}
1061 2463 1071 2494 ,
1109 2410 1208 2490 πολύς
1225 2439 1259 2479 τε
1283 2413 1332 2480 ἀνι

235 2514 338 2584 πάντα
353 2514 407 2581 τὸν
418 2522 521 2600 χῶρον
537 2517 651 2581 ἐκεῖνον
668 2513 684 2582 ὁ
701 2514 842 2603 θόρυβος
858 2510 895 2600 ἦν
916 2520 967 2582 καὶ
986 2516 1103 2601 πολλὴν
1127 2518 1160 2594 ἐξ
1183 2516 1332 2603 ἀπροσδο

236 2617 332 2705 κήτοο
351 2625 395 2709 τῷ
410 2620 574 2709 Μομιτίλρ
588 2618 645 2702 τὴν
661 2619 849 2710 κατάπληξιν
864 2622 989 2686 ἐνεποίει
1006 2623 1057 2684 καλ
1075 2618 1136 2706 πρδ
1151 2625 1208 2703 τῆς
1222 2623 1332 2708 πείρας

236 2727 288 2790 καλ
316 2722 352 2788 ἰδ
376 2728 491 2810 γαῦρον
522 2721 614 2787 ίκεῖνο
646 2721 771 2810 σφόδρα
800 2726 851 2788 καί
873 2724 1027 2809 μετέωρον
1047 2721 1161 2808 ἔδρασε
1183 2720 1332 2808 φρόνημα

236 2823 305 2916 (ς’.)
331 2829 396 2891 Καί
411 2827 464 2891 λ’να
485 2824 543 2900 τάς
565 2825 597 2890 ίν
619 2825 704 2914 μίσῳ
724 2823 821 2909 τύχας
844 2829 894 2892 καί
917 2822 1144 2913 ἀγχιστρύφους
1168 2825 1271 2902 ἱλικας
1288 2832 1332 2890 τοιΙ

236 2917 373 3014 πολίμου
398 2928 620 3034 παρίλθωμεν,
648 2935 710 2995 τῶν
729 2931 832 2996 λ’ππων
854 2929 951 3005 εύθδς
975 2925 1147 3012 ἀποβάντες
1170 2928 1200 2996 oi
1221 2931 1332 3006 ulrico!

269 3057 303 3112 im
324 3063 385 3112 tunc
404 3057 545 3112 inditione
565 3074 612 3111 sus
630 3059 707 3111 urbes
721 3057 860 3112 Xanthiam
880 3075 912 3112 ec
924 3057 1111 3120 Perithoum,
1128 3062 1157 3112 et
1171 3073 1331 3128 queecunqn

251 3146 293 3180 ove
307 3128 428 3196 utrinque
443 3129 578 3192 ediscent,
595 3128 651 3180 sive
665 3128 801 3180 interiecta
815 3134 884 3192 sunt,
903 3127 1039 3197 municipio
1052 3145 1084 3180 sc
1098 3127 1169 3192 λοσε,
1188 3134 1216 3178 et
1228 3127 1331 3195 equitur

235 3197 306 3249 ultre
319 3204 432 3266 quotuor
444 3196 531 3252 millis.
561 3196 637 3264 (lv.)
654 3197 742 3251 Medis
756 3197 806 3251 ism
819 3203 927 3260 testate,
945 3214 1001 3250 cum
1015 3197 1106 3266 iroges
1120 3204 1233 3249 moturos
1247 3205 1331 3248 essem

235 3265 472 3335 imperatoremm
486 3264 602 3318 omnibus
622 3283 706 3320 secum
718 3267 857 3336 assumptis
874 3273 1071 3318 castrametatus
1084 3274 1125 3318 est
1138 3265 1210 3317 iuxts
1223 3265 1331 3318 Peritho

235 3334 318 3398 rium,
336 3350 446 3402 suosque
460 3334 517 3387 scie
536 3333 636 3388 directe
655 3335 779 3388 instruxit
797 3342 829 3406 ‘i
844 3335 983 3388 ordinavit
1018 3335 1072 3386 lam
1092 3341 1176 3387 sutem
1194 3333 1331 3386 Momitiles

142 3409 145 3416 '
236 3419 293 3457 cum
308 3402 334 3455 in
349 3404 415 3455 urbe
430 3403 577 3456 Perithorio
592 3405 748 3473 praesidinm
762 3404 812 3457 sibi
827 3404 924 3458 firmum
939 3397 1131 3466 constituisset,
1148 3419 1242 3470 magno
1260 3403 1331 3472 stips

235 3478 279 3525 tus
300 3472 425 3526 bominum
444 3489 518 3524 menn
541 3477 569 3524 ct
594 3473 730 3526 maioribus
749 3473 840 3526 enimis
854 3473 976 3537 infletue,
1004 3473 1143 3542 prodierat
1180 3471 1257 3524 Nihil
1278 3473 1331 3524 enit

236 3557 360 3626 pervum,
384 3540 449 3593 nihil
469 3541 561 3595 humile
582 3543 615 3596 de
635 3559 664 3595 so
682 3559 790 3612 sperare
808 3543 832 3595 ei
852 3543 1037 3605 succurrebet3
1055 3541 1102 3594 sed
1120 3539 1193 3612 queri
1209 3540 1331 3594 victorier

236 3627 302 3674 rem,
320 3609 488 3664 antefactum
504 3627 608 3680 pugnes
621 3613 776 3681 periculum,
796 3613 905 3666 heberet
917 3629 981 3681 pree
993 3611 1123 3675 munibus,
1141 3610 1240 3662 medios
1253 3609 1281 3662 in
1299 3613 1332 3662 ho

235 3685 290 3733 stes
310 3679 366 3732 ruit
384 3680 475 3748 plenus
494 3681 626 3734 andeciee.
662 3681 723 3749 (V.)
742 3684 777 3734 nt
793 3681 949 3752 imperator,
967 3682 1091 3732 adversos
1108 3681 1219 3733 bostium
1234 3679 1331 3731 frontet

236 3765 266 3802 se
280 3753 307 3802 et
322 3749 448 3802 Romanos
459 3749 573 3818 legiones
588 3767 643 3802 oum
657 3751 823 3814 collocasset,
841 3751 961 3820 impetum
974 3757 1053 3819 etque
1064 3748 1235 3801 incursionem
1250 3747 1330 3800 Momi

234 3818 299 3872 tilae
316 3818 465 3872 sustinebat
501 3819 620 3872 Persicas
641 3825 725 3872 summ
744 3818 830 3884 vires,
853 3837 919 3888 ques
936 3835 1086 3871 numerosae
1102 3825 1193 3880 ment,
1211 3818 1238 3869 in
1256 3820 1330 3870 orbes

236 3893 358 3941 accurate
371 3888 485 3958 undique
500 3887 634 3956 explicuit,
650 3889 718 3941 utin
731 3888 831 3953 medio,
848 3895 969 3960 tanquam
982 3905 1087 3940 carcere
1101 3894 1145 3939 eut
1157 3885 1267 3948 retibus,
1287 3887 1330 3938 nlo

235 3957 331 4010 mitilos
347 3973 403 4010 eum
417 3957 485 4010 omui
498 3973 543 4008 suo
559 3956 675 4009 exercitu
689 3958 871 4012 includeretur.
905 3957 999 4010 Statim
1013 3973 1077 4010 vero
1091 3965 1171 4024 etque
1183 3956 1303 4008 tuberum
1318 3974 1330 4008 e

235 4031 413 4096 tympanorum
434 4042 496 4077 sono
515 4026 592 4077 miste
610 4033 653 4077 est
672 4026 717 4079 illa
738 4026 856 4079 berlionis
878 4027 1013 4080 Persarum
1032 4027 1147 4078 moribus
1165 4023 1302 4076 semilieris
1319 4023 1330 4077 i

236 4095 303 4147 bello
314 4094 477 4157 vociferatio,
495 4093 617 4163 plurimus
630 4111 677 4164 per
690 4111 788 4148 omnem
797 4095 868 4148 illurn
881 4094 963 4149 locum
977 4094 1098 4147 tumultus
1110 4093 1227 4157 exstitit,
1245 4099 1274 4145 et
1286 4092 1330 4145 Mo

235 4162 356 4227 mitilena,
373 4171 509 4232 antequem
524 4168 651 4216 tentatum
664 4173 734 4217 esset
750 4165 888 4235 proelium,
905 4164 939 4217 (le
952 4162 1091 4233 improviso
1107 4163 1272 4216 vehementer
1285 4179 1330 4232 per

237 4231 318 4295 colit,
336 4232 496 4355 enimumgue
511 4231 580 4284 illum
601 4231 695 4286 elatum
716 4240 744 4286 et
761 4234 912 4286 insolentem
931 4233 1020 4302 tregit.
1055 4232 1130 4300 (Vl.)
1148 4234 1233 4300 Atque
1252 4239 1330 4283 uteo

237 4315 327 4365 suus,
342 4299 388 4372 qui
403 4318 444 4355 me
463 4301 484 4354 ii
504 4299 690 4368 intercessere,
708 4309 736 4358 et
751 4302 850 4356 celeres
867 4302 1019 4357 elternsntis
1039 4317 1141 4372 pugnse
1162 4299 1330 4356 conversione
