2706 5160
96 677 172 752 suu
289 766 295 777 ,
404 686 643 759 uicmuuru
663 686 905 757 cercenna

38 835 204 943 849καλὲς
227 851 284 939 τὴν
304 850 566 942 αὐτοκρατορικὴν
585 816 687 920 οίκιάν·
712 852 975 941 παρεισφθοιρεὶς,
1003 850 1055 918 ἐπ’
1078 850 1200 942 ὀλέθρῳ

38 949 226 1071 {woicam
237 956 400 1041 Ῥωμαίων,
418 954 460 1033 ὥς
474 950 560 1037 iboni
579 954 674 1041 τύχης
689 960 741 1022 καὶ
758 956 905 1033 εὐδοξίας.
923 953 990 1045 (Γ.)
1008 955 1119 1047 Τούτρι
1136 959 1201 1022 τοί-

94 1088 150 1129 νυν
165 1060 227 1146 ἤδη
240 1060 347 1148 καιρὸν
361 1059 436 1144 ἔχειν
451 1056 551 1148 ἑαυτῷ
569 1067 739 1148 περιθεῖναι
754 1060 789 1127 τδ
805 1063 962 1142 βασίλειον
984 1057 1099 1146 κράτος
1112 1061 1202 1143 νομί-

94 1188 184 1231 σαντι
209 1167 346 1253 παντοίῳ
370 1173 435 1239 τοῖς
454 1160 666 1250 ἐπιχειρήμασι
688 1163 767 1229 κατὰ
788 1163 843 1229 τδν
858 1162 994 1250 Πρωτέα
1009 1159 1203 1248 τδνΦάριον

93 1264 178 1356 ἐπῄει
191 1270 341 1353 γίνεσθαι.
368 1268 419 1332 καὶ
432 1271 488 1331 νῦν
500 1267 557 1348 μὲν
573 1267 697 1353 περιίλδν
712 1269 764 1332 καλ
777 1263 930 1332 θωπεύων
945 1265 981 1332 ού
996 1263 1083 1351 μάλα
1096 1266 1223 1350 η’μίλειδ

92 1369 370 1455 Καντακσυζηνδν,
397 1374 552 1435 συνωθῶν
565 1369 605 1435 τδ
620 1369 741 1458 ἐρυθρά
757 1367 981 1455 ὑποδήσασθαι
1001 1366 1201 1454 ύπσδήματα·

90 1473 245 1561 μηδὲγὰρ
260 1471 445 1558 εἶναιλίγων
456 1470 493 1539 τὸ
503 1479 612 1558 χρῆμα
626 1472 744 1555 καινδν,
772 1471 908 1559 ἀνάγκην
923 1471 1070 1550 πολλάκις
1083 1475 1202 1558 inaver-

92 1573 266 1653 κύντοςτού
278 1576 440 1659 βασιλέως,
453 1575 510 1660 τὴν
524 1572 690 1664 πορφύραν
705 1583 856 1662 λαμπρῶς
871 1573 1030 1643 ὑποδύντα
1045 1582 1202 1660 συμβασι-

66 1677 202 1762 Βλεύειν,
214 1679 299 1768 αύτῷ
305 1680 362 1763 μὲν
371 1677 504 1767 περιόντι
520 1686 564 1769 τῷ
577 1682 648 1769 βίῳ,
668 1679 825 1746 ἓκείνουδ“’
842 1679 939 1755 εύθδς
954 1678 1201 1758 ἀπαλλάξαντος,

87 1781 217 1870 Ἰωάννῃ
241 1790 286 1873 τῷ
310 1782 370 1872 υἱῷ
389 1785 440 1848 καὶ
461 1783 520 1870 νέῳ
541 1789 671 1864 βασιλεῖ.
699 1780 774 1848 εἶναι
789 1783 848 1870 γὰρ
866 1785 995 1848 διπλοῦν
1010 1785 1061 1847 καὶ
1077 1780 1202 1870 σφόδρα
1214 1789 1245 1841 1⁰

36 1901 84 1954 291
97 1884 263 1971 ἀναγκαίαν
279 1894 324 1976 τῷ
338 1892 394 1952 τοῦ
408 1885 561 1969 βασιλέως
578 1886 611 1952 ἐκ
627 1891 744 1952 πολλοῦ
760 1892 865 1975 σκοπῷ
880 1885 917 1951 τὸ
934 1882 1047 1951 καλόν·
1071 1885 1119 1980 ἰ’νῖ
1136 1884 1202 1968 ἅμα

91 1991 149 2074 μὲν
165 1989 271 2066 αύτοΐς
286 1992 468 2055 συνδιοικῶν
484 1989 525 2056 τά
547 1995 604 2074 τῆς
617 1989 778 2072 βασιλείας
791 1988 855 2071 εἴης
870 1985 1057 2076 πράγματα,
1086 1985 1151 2070 ἅμα
1166 1987 1200 2052 δ’

92 2093 254 2181 ἐπίκουρος
275 2095 371 2178 γίνοιο
396 2089 562 2180 κράτιστος
586 2098 642 2176 τῆς
661 2088 782 2159 τούτων
799 2095 886 2175 ζωῆς.
913 2092 1064 2177 μηδὲγὰρ
1081 2090 1125 2157 ἔτι
1141 2093 1202 2156 λεί-

92 2203 210 2262 πεσθαι
233 2196 288 2262 τὸν
307 2192 415 2280 λάθρα
438 2201 478 2281 τῇ
499 2197 641 2283 βασιλείᾳ
664 2191 886 2281 ἐφεδρεύοντα,
914 2200 971 2260 τού
986 2195 1202 2278 διαδεξομένου

64 2303 372 2386 (λπαρομαρτούντος
384 2298 416 2372 ἐς
427 2289 585 2382 προύπτον
599 2295 719 2362 αὐτίκα.
745 2295 816 2384 (Δ)
831 2299 899 2362 Καὶ
912 2289 950 2381 ἦν
963 2304 1018 2362 νῦν
1031 2299 1088 2380 μὲν
1102 2304 1203 2364 ταῦτα
1213 2300 1244 2355 16

93 2402 188 2486 λέγων
196 2449 207 2482 ,
236 2407 291 2466 νῦν
304 2403 322 2464 δ
328 2400 337 2424 ‘
362 2400 478 2465 ἐκεῖνα·
504 2404 561 2464 νύν
585 2397 619 2462 δ’
635 2397 838 2484 ἀναστρέφων
853 2401 904 2463 καί
918 2398 979 2484 ἀφ’
996 2398 1100 2486 ἓλίρου
1118 2397 1203 2485 γενά-

91 2529 183 2587 μενος
201 2503 319 2589 ἕτερος·
346 2503 398 2568 καὶ
414 2499 479 2584 ἅμα
494 2508 533 2588 τῇ
547 2502 685 2583 βασιλίδι
703 2501 776 2577 τούς
793 2501 868 2586 γάνει
889 2503 941 2566 καλ
954 2498 1031 2588 δόξῃ
1048 2502 1203 2587 προύχον-

92 2632 149 2684 τας
163 2605 234 2672 κατ’
254 2603 352 2671 nitori
369 2606 531 2692 διεγείρων,
559 2606 609 2669 καὶ
625 2601 852 2688 ἰσχυριζόμενος
867 2601 944 2669 εἶναι
958 2612 1002 2695 τῷ
1016 2608 1217 2672 Καντακου-,

92 2712 172 2798 {pupi
188 2708 240 2774 διδ
254 2709 384 2793 μελίτης
400 2705 526 2795 σφόδρα
541 2707 870 2793 κατεσπουδασμένης,
899 2705 987 2794 ἔργον
1005 2709 1203 2799 ποιησαμίνιρ

91 2816 201 2900 ξίφους
214 2812 246 2889 ἐς
260 2810 317 2896 τὴν
331 2808 498 2899 ύστεραίαν
513 2807 633 2887 πάντας
654 2807 755 2895 ἡμᾶς,
782 2808 894 2878 ἑαυτὸν
912 2809 1128 2898 αὐτοκράτορα
1142 2839 1199 2878 κα-
1209 2821 1244 2875 20

66 2913 319 3002 ὓταστήσασθαι
353 2916 494 2997 βασιλία.
535 2920 637 2979 ταῦτά
676 2914 773 2998 λέγων
809 2917 860 2981 καί
902 2915 1203 3000 κατασκευαζόμενος

93 3019 227 3086 «iniurius
240 3019 291 3084 καί
305 3017 399 3082 αύτοδ
403 3043 419 3094 ς
434 3019 472 3104 δὴ
487 3015 560 3092 τούς
574 3015 656 3083 καθ’
672 3013 752 3100 ubre
776 3014 878 3107 τούτῳ
892 3016 1106 3105 προσήκοντας
1124 3018 1199 3084 κατ’

91 3121 191 3189 αὐτοῦ
202 3144 209 3159 ·
237 3119 280 3199 ὥς
296 3123 348 3188 καὶ
361 3120 579 3205 αὕτὴνἌνναν
592 3126 773 3187 πεισθεῖσαν
795 3120 852 3207 τὴν
873 3124 1021 3205 βασιλίδα
1046 3124 1126 3208 μηδὲ
1145 3120 1202 3197 τάς

92 3321 138 3374 tim
154 3320 276 3391 pristiam
294 3320 384 3374 nescio
399 3336 451 3391 qus
462 3324 520 3374 arte
533 3319 686 3390 irrepserat,
703 3319 731 3373 in
744 3320 883 3391 perniciem
890 3320 1031 3384 Romanae,
1045 3324 1075 3374 ut
1086 3319 1201 3387 videtur,

93 3399 121 3443 et
135 3392 255 3444 fortunae
269 3396 298 3444 et
312 3390 421 3460 gloriae.
456 3390 533 3458 (ΙΙΙ.)
551 3390 598 3443 ille
619 3391 709 3459 itaque
730 3397 802 3443 ratus
821 3391 977 3444 asserendae
995 3391 1044 3443 sibi
1061 3390 1201 3471 imperato-

93 3461 150 3512 riae
174 3459 314 3533 potestatis
333 3468 435 3529 tempus
453 3459 505 3514 iam
524 3459 632 3527 adesse,
655 3460 797 3515 omueaire
815 3459 842 3512 iu
861 3461 955 3513 formas
972 3457 1201 3512 msobineuonibnu

94 3528 190 3595 variis,
207 3530 276 3582 sicut
291 3529 401 3581 Pharius
419 3528 463 3581 iiie
483 3530 607 3593 Proteus,
630 3529 774 3582 coustituit.
808 3527 886 3583 Modo
901 3529 982 3597 igitur
994 3528 1201 3580 Cnutocuzenum

93 3597 185 3654 sedule
201 3597 354 3651 circumibat
368 3604 396 3650 et
407 3596 577 3661 adulabatur,
595 3598 814 3668 compellebatque
828 3597 862 3651 ad
874 3596 1027 3650 induendum
1040 3597 1132 3648 rubros
1146 3594 1201 3647 cei-

93 3685 163 3720 ceos.
204 3665 312 3736 Quippe
325 3683 379 3719 reru
400 3666 468 3719 haud
485 3680 577 3720 novam
593 3667 665 3730 fore,
684 3675 817 3736 postquam
833 3667 974 3735 imperator
992 3665 1070 3718 toties
1088 3663 1201 3716 necessi-

94 3741 173 3790 tatem
188 3736 351 3805 imposuisset
364 3735 448 3805 palam
460 3735 582 3788 induendi
595 3752 749 3806 purpuram,
767 3743 795 3788 et
809 3753 861 3788 una
873 3733 1023 3804 imperandi,
1041 3750 1127 3785 aecum
1137 3730 1200 3802 'qui-

93 3805 152 3858 dem
165 3804 224 3859 dum
238 3803 356 3866 viveret;
374 3804 460 3856 statim
473 3812 558 3856 eutem
570 3805 639 3858 ubis
652 3805 721 3858 vivis
729 3804 892 3867 excessisset,
909 3822 966 3857 cum
978 3804 1074 3856 Ioanne
1085 3802 1138 3855 filiu
1154 3819 1201 3855 auo

93 3874 234 3943 eodemque
248 3871 343 3925 iuniori
364 3872 536 3942 imperatore:
553 3873 700 3942 expediisse
715 3874 833 3927 nimirum
854 3873 919 3926 iliud
937 3872 1089 3943 dupliciter,
1107 3889 1137 3924 au
1154 3889 1202 3925 ve-

94 3943 145 3996 teri
161 3941 325 4012 imperatoris
345 3942 478 4011 proposito
501 3944 719 4011 pernecessarium
738 3943 836 4007 fuisee3
861 3959 912 4012 quo
930 3943 1021 4005 simul,
1039 3958 1054 3993 o
1070 3941 1201 3993 Canmcu·

94 4030 175 4077 aeue,
193 4020 221 4063 et
238 4010 277 4063 iiii
296 4018 325 4063 te
339 4011 462 4079 collegam
476 4011 504 4065 in
520 4028 604 4064 rerum
618 4012 840 4066 administratione
855 4011 995 4074 habereut,
1013 4016 1041 4062 ct
1055 4009 1124 4063 vitae
1138 4026 1201 4062 suae

94 4079 297 4152 potentisaimum
317 4079 486 4133 ieiuniorem.
523 4081 582 4135 Neo
597 4081 664 4134 euim
676 4081 827 4134 exstiturum
841 4080 964 4150 deinceps
979 4096 1137 4149 quenquam,
1155 4079 1200 4150 qui

92 4149 203 4221 imperio
215 4148 356 4202 clanculum
371 4149 537 4202 insidiaturus
551 4155 635 4208 esset,
651 4150 673 4202 si
685 4151 708 4203 is
721 4150 808 4204 statim
820 4167 851 4202 ao
866 4149 949 4219 palam
960 4149 1046 4202 socius
1061 4149 1202 4202 asciscere·

94 4227 155 4283 tur,
191 4217 218 4270 ui
231 4235 365 4271 successor
381 4226 451 4271 esset
469 4220 580 4272 futurus.
615 4219 690 4288 (lv.)
714 4219 750 4272 Et
766 4219 840 4273 modo
854 4217 956 4288 quidem
969 4220 1048 4282 baec,
1067 4218 1142 4271 modo
1159 4218 1203 4271 iiia

94 4289 187 4342 dictita
206 4292 249 4352 τίς
267 4292 295 4340 et
308 4287 398 4340 eodem
411 4305 502 4341 rursus
514 4288 712 4353 revolvebatur,
729 4299 757 4342 et
769 4307 800 4341 er
814 4287 865 4341 alio
880 4288 944 4341 alius
962 4288 1098 4342 existebat.
1134 4290 1202 4341 ri'um

94 4360 153 4428 ipse
167 4357 241 4411 simul
261 4373 318 4409 eum
336 4356 501 4427 imperatrice
520 4357 548 4427 in
568 4357 638 4411 iilum
656 4358 702 4411 eos
719 4357 858 4420 incitabat,
875 4359 919 4428 qui
934 4375 1031 4427 genere
1045 4368 1073 4410 et
1084 4359 1203 4410 fortunae

94 4428 232 4496 splendore
245 4425 407 4491 eminebant,
424 4427 487 4480 iliud
506 4443 640 4480 assereus:
671 4427 698 4480 in
718 4444 775 4480 eam
793 4442 879 4480 euram
899 4429 1106 4480 Centacubenum
1128 4424 1203 4478 enixe

95 4497 251 4560 incumbere,
269 4503 308 4559 ut,
322 4496 396 4549 nebia
411 4495 527 4549 omnibus
540 4498 655 4551 ernstius
668 4496 711 4551 die
724 4494 924 4561 ooumucidutia,
943 4497 1122 4565 imperatorem
1134 4511 1162 4545 se
1175 4498 1204 4546 et

93 4583 180 4618 rerum
198 4564 325 4618 dominum
340 4565 519 4622 constitueret.
566 4566 641 4619 Haeo
654 4583 712 4620 cum
730 4565 831 4619 diceret
843 4565 1047 4635 affirmaretque,
1064 4580 1108 4615 eos
1124 4560 1202 4613 etiam

95 4634 124 4688 iu
144 4633 213 4687 illum
231 4633 381 4702 summovit,
399 4633 623 4712 quibuscum—erat
640 4635 678 4690 illi
695 4634 824 4709 coguatio.
860 4635 983 4706 adeoque
1002 4632 1031 4691 id
1045 4628 1202 4701 imperatrici
