2804 4770
171 213 273 288 1296
375 283 380 300 ,
457 159 499 260 Ῐ
573 205 942 282 uuuo‘rnulottsst.

258 373 336 456 Peg.
359 370 438 447 925,
461 375 511 438 12.Ι
542 371 681 434 Σισίνιον
700 365 753 433 τὸν
771 361 984 446 Necessaria]
1005 363 1053 426 lta
1069 363 1184 426 Graeci
1197 362 1323 446 passim3

173 471 231 546 pro
247 450 450 524 Necessaria.
477 459 523 518 lle
541 455 599 516 isto
619 455 748 515 sisinnio
765 451 939 513 Ludovicua
955 451 1119 530 Targuiua,
1144 451 1201 511 Vir
1225 471 1323 510 saoro-

172 569 241 612 rum
261 546 417 604 canonum
440 551 471 603 et
491 539 886 602 HistoriaeEoelesiasticae
910 537 1131 617 peritissimus,
1155 535 1324 596 consulenti

173 631 249 694 mihi
266 626 441 708 respondit:
465 625 580 706 [‚‚Nec
598 629 629 690 S.
644 624 828 686 Athanasius
846 624 878 682 in
897 622 935 682 iia
953 643 1030 703 quae
1044 623 1182 703 plurima
1203 620 1325 700 scripsit

174 717 214 778 ale
232 734 345 792 magna
367 712 508 791 Synodo,
538 731 601 770 neo·
625 712 784 792 quisquam
815 708 891 768 alius
919 710 1069 792 scriptor,
1097 708 1188 767 cuius
1209 707 1249 766 ad
1271 725 1324 766 uos

174 807 367 862 monumenta
386 796 424 855 de
443 797 495 856 illa
516 795 618 857 eadem
633 795 757 877 Synodo
775 793 986 876 pervenerintj
1009 792 1101 854 ullius
1124 791 1255 853 sisinnii
1273 813 1323 852 uo·

51 903 54 910 ⁴
174 905 245 948 men
269 891 322 946 aut
344 892 635 962 operammemorat
656 880 929 942 adversus-Arium
949 881 980 938 in
1001 879 1137 939 Nicaeno
1161 887 1323 938 conventu.

175 973 261 1030 Unus
278 975 426 1052 Socrates¹
438 967 588 1027 Historiae
607 986 679 1027 suas
699 966 752 1026 lib.
763 965 787 1024 1.
804 985 871 1044 cap.
889 971 939 1031 10.
956 975 987 1024 et
1005 974 1076 1042 post
1093 965 1216 1043 ipsum,
1239 973 1325 1040 atque

176 1076 216 1116 ex
233 1057 318 1134 ipso,
338 1051 441 1110 Herm.
458 1053 643 1112 sozomenus
662 1071 728 1132 cap.
743 1051 851 1112 xxti.
874 1050 946 1110 libri
965 1049 1071 1110 itidem
1092 1049 1188 1128 primi
1210 1049 1325 1108 untes

175 1141 254 1214 Eiet.
279 1137 420 1196 Acesium
441 1136 477 1196 ab
500 1137 697 1197 Constantino
716 1135 896 1216 imperatore
911 1134 1255 1216 arcessitumlnarrant,
1277 1130 1328 1213 qui

177 1223 298 1286 calculo
315 1240 371 1280 suo
386 1222 597 1301 comprobaret
611 1222 780 1290 Nicaeum,
788 1220 1007 1294 definitionem:
1030 1220 1114 1300 quod
1135 1219 1255 1280 factum
1270 1237 1327 1297 qua

49 1367 55 1392 ,
176 1309 238 1368 fide
260 1326 321 1386 quo
345 1315 471 1366 auctore
491 1307 606 1368 reserat
627 1309 784 1383 Socrates,
806 1306 860 1387 qui
882 1326 944 1366 uuo
967 1306 1030 1365 fere
1050 1304 1176 1364 saeculo
1191 1303 1327 1385 postlla·

177 1411 299 1453 caenam
314 1390 470 1469 synodum
489 1392 585 1468 vixit,
608 1391 674 1452 eliis
693 1392 910 1453 aestimandum
923 1391 1071 1470 relinquo.
1106 1390 1142 1449 ln
1159 1409 1255 1469 quam
1267 1407 1327 1448 rem

177 1477 237 1554 sac,
252 1487 286 1537 ut
302 1476 440 1536 consulas
456 1478 657 1540 veruditissimi
673 1478 795 1540 Hearici
811 1476 923 1556 ¹Valerii
941 1477 1050 1536 Nolam
1068 1475 1108 1536 ad
1128 1483 1328 1536 memorat·

177 1561 312 1622 Socratis
327 1561 476 1621 Historiae
491 1563 605 1625 locum.
649 1564 752 1643 lpaum
768 1583 842 1622 vero
859 1561 1004 1622 sublestae
1024 1559 1095 1620 fidei
1116 1559 1213 1619 habat
1232 1561 1282 1620 vir
1298 1559 1328 1618 iu

179 1647 303 1728 scriptis
315 1657 451 1706 veterum
467 1651 637 1730 perspicax.
660 1650 818 1709 Caeterum
834 1649 913 1707 idem
931 1649 1069 1707 Socrates
1083 1645 1134 1708 lib.
1149 1645 1188 1705 V.
1202 1665 1272 1726 cap.
1282 1651 1328 1709 to.

178 1733 302 1793 Sisinnii
324 1729 487 1792 cuiusdam*
503 1733 652 1810 meminit,
675 1734 726 1814 qui
747 1755 834 1794 sacro
852 1733 987 1793 Lectoris
1004 1749 1127 1792 munera
1145 1730 1329 1809 fungebatur

180 1819 264 1898 agend
281 1817 429 1894 agellium
444 1820 681 1880 Novatiauorum
702 1820 893 1900 epiecopum;
915 1818 1001 1878 cuius
1021 1817 1054 1876 in
1075 1816 1256 1895 dignitatem
1279 1815 1329 1875 ali.

180 1897 293 1998 guanto
321 1911 391 1982 post
411 1903 574 1965 subvectus
599 1905 680 1986 apud
707 1907 835 1966 eundem
855 1904 1040 1964 Historicum
1061 1901 1191 1978 legitur,
1222 1899 1279 1964 lib.
1296 1900 1329 1962 V.

181 2009 247 2069 cap.
265 1988 495 2053 21.etlib.v1.
517 2011 584 2072 cap.
604 1997 631 2056 1.
675 1989 773 2050 liuius
788 2000 887 2051 autem
903 1988 1023 2050 Sisinuii
1042 1988 1220 2046 sententiam
1242 2005 1329 2045 meu-

179 2081 230 2136 tus
245 2071 390 2149 Agellius',
411 2075 578 2154 postulanti
596 2076 735 2136 Nectario
750 2074 1048 2156 constantinopoleos
1065 2071 1194 2132 antistiti
1208 2071 1329 2131 salubre

181 2159 307 2217 dederet
322 2156 480 2219 consilium
500 2163 646 2223 adversus
660 2162 839 2222 Arianorum
858 2159 1206 2236 macedonianorumque
1221 2167 1328 2231 sectas,

181 2242 290 2324 quibus
305 2241 412 2302 misere
430 2247 598 2308 vexabatur
614 2246 731 2310 Oriens.
776 2247 903 2322 Verum,
925 2265 963 2304 ne
978 2244 1016 2305 de
1029 2243 1088 2304 isto
1103 2242 1235 2302 sisinnio
1254 2243 1330 2301 Gre-

181 2347 268 2406 gores
283 2326 412 2407 intelligi
425 2334 536 2410 possit,
559 2331 658 2392 obstat
677 2333 791 2412 primae
812 2330 927 2410 Synodi
948 2349 1072 2402 nomen3
1094 2328 1152 2388 uiai
1168 2328 1250 2388 sorte
1270 2327 1329 2404 pri·

180 2435 260 2475 uram
284 2411 544 2496 Constantinopoli
569 2416 701 2478 habitam
723 2417 892 2496 generalem
916 2415 1063 2497 accipias:
1102 2413 1185 2493 quod
1208 2413 1330 2492 quidem

181 2497 254 2560 mihi
277 2517 338 2558 uon
359 2498 394 2559 fit
414 2503 566 2564 credibile.
609 2504 716 2582 ltaque
736 2501 796 2562 hoc
815 2501 951 2583 proclive
975 2509 1021 2560 est
1043 2497 1211 2579 suspicari,
1246 2499 1331 2558 Nica·

181 2585 311 2666 phorum
330 2584 510 2664 Gregoram‚
533 2588 634 2650 virum
658 2590 820 2649 immensae
836 2586 1014 2662 eruditionis
1033 2595 1064 2647 'et
1081 2584 1222 2644 lectionis
1228 2628 1240 2659 ,
1263 2603 1330 2641 cum

181 2669 307 2732 baberet
326 2669 356 2727 iu
373 2684 471 2733 mente
492 2674 553 2733 duo
566 2672 643 2734 haec
659 2672 884 2733 Novatiensium
903 2673 1068 2732 antistitum
1091 2671 1235 2745 nomina,
1259 2689 1331 2747 quo-

181 2775 248 2817 rum
263 2758 417 2834 permagni
432 2759 533 2819 suerat
553 2780 644 2838 opera
662 2759 807 2819 adversus
825 2761 1001 2818 Asianorum
1016 2756 1214 2830 dementiam,
1238 2773 1330 2814 uuum

180 2863 240 2924 pro
260 2841 334 2916 alio,
359 2851 393 2902 ut
410 2843 498 2905 facile
512 2845 593 2904 iaetu
612 2845 687 2917 fuit,
708 2844 884 2904 inseruisse:
906 2842 964 2902 nisi
979 2841 1047 2922 quis
1065 2840 1149 2900 malit
1167 2842 1200 2900 in
1217 2837 1332 2899 librarii

182 2927 302 3006 culpam
318 2927 444 2989 reiicere
461 2930 659 2990 mutationem
680 2930 826 3006 nominis;
848 2949 938 3007 quam
961 2929 1158 3009 posteriorem
1174 2925 1333 2986 coniectu·

181 3033 245 3074 ram
260 3013 363 3070 nescio
381 3034 419 3073 au
432 3017 504 3075 satis
518 3016 602 3074 iuvat
617 3016 745 3075 duorum
759 3015 887 3076 istorum
900 3013 1118 3073 vocabulorum
1129 3011 1247 3072 Graece
1258 3010 1333 3070 acri-

180 3085 304 3183 pto’rum
324 3097 514 3161 similitudo·
547 3101 644 3160 Certe·
659 3098 735 3160 baec
751 3099 871 3160 nomina
893 3101 1045 3172 Σισίνιος,
1066 3091 1216 3171 Ἀκέσιος,
1238 3115 1333 3175 quan·

182 3201 273 3262 quam
294 3182 419 3265 syllabis
441 3185 550 3245 iisdem
573 3186 731 3263 desinunt,
768 3196 868 3246 tamen
886 3185 1072 3264 reliquarum
1092 3183 1156 3242 sere
1176 3183 1333 3241 literarum

182 3275 335 3326 structura
352 3268 396 3328 sic
409 3271 490 3330 inter
509 3291 542 3330 se
557 3271 745 3350 discrepant,
772 3279 807 3329 ut
827 3290 887 3330 non
909 3275 1085 3329 oscitantem
1105 3267 1236 3326 scribam
1253 3265 1334 3326 dilli-

182 3352 281 3411 culter
298 3352 402 3413 fallere
424 3376 513 3434 posse
527 3356 698 3418 videantur.
742 3357 802 3415 Sed
817 3355 856 3415 de
872 3355 929 3414 ista
949 3343 1170 3435 permutatione
1185 3352 1241 3412 vix
1261 3351 1334 3411 cesti

182 3437 346 3516 quicquam
367 3441 563 3518 pronuntiare
584 3442 658 3501 licet
683 3442 795 3521 absque
822 3440 989 3518 benigniori
1013 3439 1156 3498 Codicum
1181 3439 1334 3516 Gregoras

182 3521 459 3602 manuscriptorum
476 3527 580 3605 copia,
604 3525 981 3605 eorundemqnediligenti
1001 3521 1222 3604 collatione.“]
1267 3523 1334 3602 lpsa

181 3616 255 3682 aunt
270 3606 364 3668 verba
380 3608 440 3669 Viri
458 3611 641 3687 doctissimi,
668 3613 718 3671 cui
735 3633 792 3692 pro
806 3611 952 3670 amicitiae
970 3613 1048 3684 iure,
1072 3627 1149 3689 quae
1169 3607 1245 3668 milri
1267 3627 1334 3666 cum

183 3711 220 3751 so
235 3710 350 3752 summa
363 3693 541 3773 intercedit,
562 3697 675 3756 nodum
696 3695 780 3756 bunc
797 3694 1016 3775 expediendum
1032 3694 1185 3773 delegavi,
1209 3693 1332 3772 dignum

125 3837 130 3844 ,
182 3776 299 3839 scilicet
317 3799 354 3838 eo
374 3779 514 3872 vindicet
535 3792 617 3842 certe
632 3781 854 3860 difficiliorem,
875 3802 965 3862 quem
987 3790 1023 3840 ut
1044 3779 1119 3861 ipra
1132 3799 1254 3860 possem
1275 3777 1334 3838 sal-

15 4603 171 4740 Q

182 3877 262 3923 vers.
306 3884 421 3926 servm.

270 3952 343 4029 Pag.
366 3953 445 4026 929,
468 3955 537 4016 21.
565 3946 747 4035 Γρηγόριος]
771 3953 804 4012 ln
821 3951 942 4012 laudem
956 3949 1121 4010 Athanasii.
1159 3969 1273 4008 norvia.

270 4036 342 4114 1²⁰3·
363 4037 442 4110 932,
462 4039 513 4101 22.
554 4028 653 4120 Ἐκεῖ]
682 4039 705 4098 l.
726 4058 751 4100 e.
772 4037 802 4096 in
825 4036 1082 4114 contingentibus,
1111 4033 1144 4093 in
1166 4035 1254 4094 bonis
1276 4053 1335 4094 nou

183 4119 369 4180 recusastis.
394 4117 469 4180 Vide
484 4141 574 4196 supra
589 4122 640 4184 lib.
657 4121 734 4182 Vlll.
750 4115 815 4202 cap.
831 4123 895 4180 Vll.
909 4130 982 4181 sect.
995 4125 1026 4188 2.
1039 4121 1136 4180 initio.
1157 4141 1273 4180 rorvuu.

269 4199 394 4265 Ibidem.
436 4205 481 4269 Ei
511 4203 532 4270 ὁ
563 4201 689 4273 πάντων
717 4207 783 4273 taes
808 4202 991 4291 aporiaberis·
1020 4202 1058 4271 rai
1083 4208 1140 4272 rosi
1169 4207 1243 4288 βίον
1274 4227 1335 4288 sep·
