2706 5160
120 710 196 788 574
458 722 694 794 NICEPHORI
717 721 958 793 GREGORAE

39 900 104 961 6849
119 892 173 960 orni
187 887 299 976 ἀρετὴν
314 886 547 968 ἀθανατίζουσα
561 883 727 972 σκωλήκων
743 887 780 953 od
795 888 903 953 δίδωσι
920 881 1054 968 στόμασι
1076 886 1222 972 διαφθεί-

39 975 77 1030 '9
118 1020 181 1082 ρειν
204 989 317 1075 δμοίως
338 1000 404 1068 τοῖς
432 988 582 1075 σάμασιν.
616 989 696 1075 αὕτη
710 992 918 1088 ,μαινομένων
939 991 1026 1074 δίκην
1046 986 1107 1054 ἀπὸ
1130 985 1224 1072 τάχης

119 1101 171 1164 καλ
189 1093 291 1184 τάφου
315 1095 450 1178 ματαίου
471 1094 702 1180 γαυρουμένους
727 1100 934 1180 παρειληφυῖα
955 1100 1017 1158 τῶν
1047 1089 1223 1178 ἀνθρώπων

91 1201 225 1277 (δίνίους
248 1197 470 1284 μετριωτέρους
492 1194 656 1285 ἐργάζεται.
690 1197 831 1284 τῶνγὰρ
855 1194 1049 1284 φθασάντων
1071 1193 1110 1260 τά
1131 1191 1222 1278 πάθη

119 1299 187 1371 οἶόν
206 1327 278 1368 τινα
309 1300 435 1365 πέλεκυν
470 1301 645 1366 έπισείουσα
678 1297 827 1365 λανθάνει
862 1297 1006 1386 καθάπερ
1038 1295 1245 1373 διδάσκαλος5

118 1403 339 1491 παραδυομένη
359 1402 439 1489 πρὸς
459 1401 516 1487 τὴν
539 1404 664 1487 ψυχὴν,
701 1405 751 1468 καὶ
769 1403 870 1490 ἠρέμα
890 1400 948 1480 τάς
962 1428 994 1468 τε
1011 1398 1119 1490 φάσεις
1135 1400 1223 1483 ἀμεί-

116 1495 285 1592 βονόαδιά
303 1512 360 1591 τῆς
385 1503 533 1591 τοιαύτης
553 1507 694 1581 παιδείας
717 1508 767 1571 καὶ
789 1507 828 1573 τά
845 1504 912 1592 ἤθη
930 1503 1146 1593 ῥυθμίζουσα,
1172 1505 1223 1568 καί

116 1613 149 1688 ἐξ
162 1609 318 1676 ἀσυνέτων
330 1610 387 1693 μέν
399 1609 555 1691 συνετοδς,
584 1610 616 1687 ἐξ
632 1606 778 1696 άφρόνοιν
793 1609 826 1675 δ’
844 1610 1027 1696 ἐργαζομένη
1042 1611 1222 1696 φρονίμους·

116 1715 168 1778 καὶ
189 1709 306 1780 οδτωσί
324 1738 391 1790 πως
405 1713 438 1778 έκ
454 1720 510 1779 τοῦ
524 1708 704 1799 θηριώδους
715 1713 794 1798 πρὸς
814 1713 850 1778 τό
868 1709 1061 1800 ἡμερώτερον
1083 1710 1223 1792 όλαςμε-

115 1812 322 1902 θαρμόζσυσα
351 1817 516 1894 πολιτείας.
550 1814 625 1892 τοδς
644 1816 701 1898 μὲν
718 1816 777 1903 γὰρ
793 1816 935 1902 ἀγαθοδς
961 1818 1129 1899 ἓξαίρουσα
1157 1823 1224 1889 τοῖς
1233 1827 1267 1881 10

89 1920 277 2000 Βέπαίνοις,
310 1919 385 1996 τοδς
404 1921 438 1985 δὲ
462 1915 603 2008 φαόλους
627 1920 659 1984 έν
673 1915 843 2004 κακότητος
859 1922 955 2010 μοίρην
970 1925 1104 1998 τιθεῖσα,
1132 1919 1224 2003 έναρ-

116 2022 265 2107 γέστατον
284 2031 350 2099 τοῖς
375 2016 533 2108 corydone
553 2025 666 2109 γίνεται
688 2018 873 2109 κάτοπτρον.
901 2017 943 2098 ὥς
964 2021 1023 2108 γάρ
1045 2021 1093 2086 δι’
1110 2021 1223 2085 ἐκείνου

116 2125 309 2212 σαφεστέρας
331 2123 544 2208 λαμβάνοντες
569 2125 628 2200 τάς
644 2121 791 2212 ἐμφάσεις
812 2131 874 2190 τῶν
887 2131 943 2191 τοῦ
957 2120 1126 2211 προσάπου
1137 2149 1224 2224 χρηι-

114 2224 223 2311 μάτων
243 2253 277 2293 τε
300 2230 351 2293 καί
367 2225 535 2311 σχημάτων
555 2226 585 2292 oi
605 2226 684 2311 πρός
707 2226 785 2292 αὐτὸ
807 2228 973 2307 βλέποντες
995 2229 1224 2312 ίτιανορθοῦσιν

115 2328 192 2396 ὅσον
208 2329 352 2416 ἐφικτόν,
390 2329 472 2396 οδτω
498 2325 599 2413 δήπου
622 2331 673 2392 καί
691 2328 743 2393 διά
762 2335 818 2414 τῆς
834 2331 972 2416 ἱστορίας
987 2340 1055 2408 τοῖς
1068 2337 1224 2413 μετιοῦσιν
1233 2345 1266 2400 15

116 2433 270 2498 ἀντίθετοι
291 2429 427 2512 σόνεσις,
460 2433 510 2497 καί
532 2424 616 2515 ἦθος
632 2430 814 2517 ῥυθμίζεται
836 2439 957 2517 φυχῆς,
985 2437 1036 2497 καὶ
1051 2431 1224 2498 ἀκόλαστον

51 2545 105 2604 289
116 2541 223 2619 σχῆμα
235 2541 343 2618 θυμοῦ
357 2537 408 2615 καὶ
421 2540 527 2622 φωνῆς
539 2535 591 2598 καὶ
605 2534 724 2617 διαίτης
740 2533 905 2618 ἀμείβεταέ
915 2560 947 2600 τε
962 2537 1013 2599 καί
1031 2533 1224 2602 ἀναπλάττε·

86 2652 170 2706 Esar
190 2639 269 2725 πρὸς
292 2639 328 2704 τό
350 2638 492 2722 βέλτιον,
527 2639 578 2702 καί
598 2633 798 2702 λανθάνοντα
814 2636 936 2725 φάσεως
951 2629 1156 2721 ίλαττάματα
1173 2641 1224 2704 καλ

113 2739 331 2825 συμπτώματα
353 2738 560 2828 θεραπεάεται
583 2737 761 2834 πάμπολλα.
788 2747 909 2824 μᾶλλον
930 2742 964 2808 δέ
979 2744 1029 2805 καί
1045 2739 1224 2829 κατόπτρου

113 2849 219 2933 πολλῷ
240 2840 458 2931 κραταιάτερον
479 2844 515 2910 τό
538 2849 596 2928 τῆς
617 2842 755 2928 ἱστορίας
777 2845 929 2910 δείκνυται
944 2842 1107 2931 χρήσιμον.
1134 2843 1266 2929 ἦμένθο

113 2948 173 3034 γάρ
187 2950 302 3034 μορίας
323 2972 356 3014 τε
378 2949 430 3012 καί
452 2945 654 3022 παντοδαπὰς
670 2952 733 3011 τῶν
749 2944 857 3014 ἄλλοτ’
875 2948 978 3025 άλλως
991 2950 1156 3034 γινομένων
1172 2952 1224 3014 καί

113 3051 340 3135 ἀπογινομένων
356 3049 479 3135 ἀνδρῶν
494 3046 701 3116 δποδεικνῦσα
717 3046 843 3135 πράξεις
855 3054 906 3118 καί
928 3050 1040 3138 λόγους
1072 3050 1224 3138 σαφεστέ-

113 3177 172 3241 ραν
191 3153 248 3238 τὴν
268 3159 325 3220 τοῦ
348 3156 504 3237 βελτίονος
525 3154 559 3218 ἐκ
579 3149 785 3239 παραθέσεως
804 3153 862 3239 ἔχει
887 3153 1031 3222 δεικνόειν
1045 3150 1172 3240 ἐκλογήν
1191 3179 1224 3220 τε

183 3333 226 3389 14·
243 3330 314 3390 αι’τδ
331 3350 380 3389 sm.
396 3332 472 3389 Βοίτ.
488 3349 537 3406 pro
554 3328 651 3405 αδτὴν.

113 3490 203 3570 istm.
237 3487 311 3542 lisso
326 3491 376 3552 est,
396 3504 465 3570 quas
481 3486 668 3542 immortalitati
681 3487 803 3570 virtrtem
816 3487 935 3552 mandat,
952 3503 999 3540 noc
1014 3492 1045 3542 ut
1063 3503 1172 3569 corporo
1185 3486 1223 3540 ito

113 3557 183 3609 sllsm
198 3558 354 3610 enormibus
367 3556 430 3610 simt
442 3556 547 3640 sbsumi.
573 3558 648 3649 llaec
660 3556 832 3640 denique-ost,
851 3564 1007 3640 quastnsots
1018 3559 1132 3638 hominos
1145 3573 1223 3676 puos-

113 3624 172 3676 dam
186 3625 291 3678 fortino
304 3627 424 3694 lusuque
443 3626 513 3678 insul
537 3625 619 3678 daos
642 3632 669 3680 et
683 3627 828 3679 furentibus
848 3642 979 3696 proximos
1002 3626 1085 3678 efficit
1105 3642 1145 3677 mo
1165 3642 1223 3677 cra·

113 3693 204 3749 tiores.
238 3693 336 3747 Eorum
350 3697 426 3760 enim,
445 3694 489 3776 qui
502 3703 563 3747 anto
578 3696 690 3759 luerunt,
708 3695 868 3748 calamitates
883 3696 953 3748 velut
971 3693 1079 3747 securim
1095 3695 1223 3763 quandem

112 3761 257 3824 irstoutsns',
275 3763 367 3815 aenaim
382 3764 408 3816 in
424 3781 520 3816 animos
532 3765 648 3833 obrepit,
667 3764 742 3832 quasi
755 3765 878 3833 magistro
891 3764 1014 3832 quaedam
1027 3763 1121 3827 lutens,
1139 3780 1222 3831 eoquo

111 3830 221 3887 docendi
236 3832 335 3885 ratione
350 3841 455 3885 naturas
473 3832 593 3900 paulatim
610 3840 704 3898 mutat,
728 3851 812 3886 mores
832 3833 967 3896 informat,
992 3833 1106 3885 hominos
1126 3849 1158 3886 ex
1172 3832 1221 3884 im-

110 3899 282 3968 prudentibus
300 3899 441 3983 prudentes
457 3902 538 3964 lacit,
555 3901 676 3954 cordatos
695 3919 727 3954 ex
746 3901 916 3964 vecordibus3
940 3910 968 3954 et
982 3902 1021 3953 sic
1040 3901 1149 3955 termes
1165 3903 1222 3954 lero
1304 3918 1307 3923 ·

110 3967 261 4037 agrestique
281 3977 337 4027 sits
355 3968 387 4022 ad
401 3970 537 4023 humanum
556 3970 707 4041 civilemque
724 3973 819 4023 cultum
836 3977 907 4023 totas
925 3971 1032 4024 deducit
1052 3971 1222 4039 respublicas.

112 4036 218 4106 Quippe
230 4038 291 4091 dum
308 4044 337 4091 ot
350 4039 431 4095 bonos
450 4039 569 4092 laudibus
583 4041 667 4104 tollit,
686 4046 714 4093 et
726 4039 849 4109 improbis
865 4057 922 4092 eum
937 4039 1020 4092 locum
1035 4040 1161 4107 assignat,
1176 4039 1222 4109 qui

111 4104 272 4173 improbitati
284 4107 417 4176 convenit,
435 4108 669 4178 splendidissimum
682 4109 792 4178 postoris
806 4109 938 4177 speculum
956 4107 1054 4161 existit
1090 4109 1222 4172 Quemad-

111 4175 210 4227 modum
225 4175 292 4228 enim
307 4176 351 4245 qni
365 4177 393 4230 in
407 4177 538 4247 speculum
553 4179 695 4242 intuentur,
716 4177 799 4248 ipsius
814 4195 865 4247 ope
878 4176 1015 4230 certiorem
1028 4179 1163 4248 assequuti
1177 4195 1222 4230 co-

111 4243 252 4311 gnitionem
267 4244 320 4298 oris
333 4246 446 4299 colorum
460 4264 491 4300 ac
503 4247 722 4310 lineamentorum,
739 4246 839 4300 vultum
854 4247 1014 4315 quantumin
1027 4265 1056 4298 se
1070 4255 1112 4300 est
1122 4247 1223 4315 fingunt

111 4313 302 4380 cremendam,
319 4314 357 4367 sic
369 4332 477 4385 prorsus
491 4316 525 4368 iis
543 4317 588 4386 qui
603 4316 637 4370 sd
650 4314 783 4369 historiam
804 4315 931 4369 accedunt
945 4315 1120 4385 intelligentia
1136 4318 1223 4370 inl'un-
1272 4345 1276 4351 ·

108 4379 195 4447 ditur,
212 4400 300 4438 sorum
318 4400 401 4437 moros
419 4395 618 4453 componuntur,
635 4384 728 4448 animi,
745 4385 832 4446 vocis,
850 4384 921 4436 vitae
937 4401 1019 4453 provo
1034 4392 1147 4439 mutatur
1161 4402 1223 4437 con·

108 4449 229 4505 formatio
244 4452 441 4522 restituiturquc
458 4453 485 4506 in
497 4454 605 4518 melius;
623 4454 725 4508 occulto
737 4453 850 4522 denique
864 4461 973 4507 naturas
985 4453 1051 4507 vitia
1064 4464 1091 4508 st
1104 4454 1221 4506 effectio·

109 4534 156 4571 nes
171 4523 371 4591 quamplurimae
384 4529 515 4577 ssumrtur.
551 4523 628 4578 Ιιτιιοο
642 4522 752 4576 historic
770 4522 925 4576 efficacioris
940 4523 1018 4606 longo
1032 4522 1155 4578 utilitatis
1170 4531 1220 4585 ost,

108 4605 186 4661 quam
200 4589 235 4642 sit
250 4592 390 4660 speculum.
418 4592 467 4645 llls
479 4591 675 4646 enimisfiuitns
688 4600 715 4645 ot
727 4591 803 4661 plano
818 4591 935 4645 diversas
949 4601 1065 4646 conones
1076 4608 1220 4644 sormones-

108 4671 159 4722 quo
175 4658 316 4723 hominum,
334 4661 379 4729 qui
394 4661 440 4714 alii
455 4662 519 4715 slins
535 4660 590 4714 nati
609 4669 667 4714 sunt
689 4678 720 4714 sc
739 4661 918 4725 decesserunt,
936 4664 971 4714 ob
987 4661 1073 4716 oculos
1087 4659 1219 4728 cleponis,

107 4730 138 4776 ut
149 4727 282 4805 certiorem
298 4729 410 4806 melioris
424 4732 525 4787 consilii
540 4731 668 4785 delectum
683 4740 710 4784 ct
725 4730 896 4811 cognitionem
916 4729 975 4803 ipsa
990 4727 1126 4792 collstiono
1144 4729 1220 4783 boile
1268 4797 1274 4811 .
