2804 4778
200 275 302 350 1176
583 281 947 356 annornmottns

198 441 323 526 politoni
339 437 495 502 bistorism
520 439 586 504 Insa
602 443 813 525 persequitur,
834 441 886 506 cui
902 442 1029 525 Bissoc,
1058 455 1095 507 ut
1116 455 1150 509 et
1173 447 1313 514 Pbranai
1330 461 1358 516 et

201 531 267 590 aliis
284 527 407 588 dicitnr.
427 547 560 588 norme.
603 529 680 590 Aliis
693 529 807 604 Βλκκος
816 551 828 604 ,·
850 531 1033 611 quibusdam
1047 535 1137 595 etiam
1151 534 1277 602 Βὲκων.

426 629 490 720 Καὶ
506 625 716 712 Λατινόφρων
728 623 870 711 Ἰωάννης
882 629 903 695 o‘
915 632 1030 697 Βὲκων.

201 733 275 795 cod.
291 733 362 814 Reg.
377 733 472 800 3058.
513 731 589 792 Vide
604 741 634 792 et
646 731 811 792 clausulam
826 734 899 795 Cod.
914 737 988 816 Bag,
1003 741 1098 806 2006.
1119 736 1232 801 Latine
1248 739 1354 822 Beeua,

200 823 333 895 Beccus,
355 818 470 895 Vecus,
492 825 524 877 et
538 819 653 878 Vaccus
668 817 841 897 promiscue
856 820 978 886 dicitur.
1021 841 1139 884 norunt.

288 907 361 985 Peg.
379 909 456 979 129,
481 906 533 969 15.
572 897 752 984 Νικηφόρος
766 901 785 966 d
798 901 994 988 Βλεμμύδης]
1017 909 1059 967 Ile
1069 908 1205 990 prolatis
1222 931 1241 968 a
1257 911 1353 972 Veoeo

199 993 231 1052 S.
247 992 421 1070 scripturae
443 989 481 1048 de
499 991 529 1046 S.
549 988 678 1068 Spiritus
695 989 889 1067 processione
907 992 1001 1071 locis,
1024 995 1076 1074 qui
1097 993 1280 1056 Latinorum
1300 998 1353 1056 do-

201 1085 300 1160 gmata
319 1074 489 1148 firmarent,
512 1073 618 1133 scribit
634 1072 755 1152 quidem
769 1073 986 1155 Pacbymeresa
1016 1079 1070 1138 sed
1093 1078 1131 1137 de
1159 1081 1352 1140 collectionis

203 1171 327 1222 auctore
341 1157 391 1217 bic
409 1159 492 1231 silet,
514 1157 691 1236 BIemmyde
706 1159 840 1234 scilicet,
864 1162 963 1221 valido
977 1165 1058 1242 apud
1076 1163 1212 1224 Graecos
1230 1167 1351 1226 Latinae

201 1245 347 1306 ecclesiae
371 1243 534 1303 sententiae
558 1242 702 1303 adversus
735 1245 866 1304 Graecos
895 1257 1131 1328 propugnatore.
1178 1249 1260 1310 Nam
1287 1271 1352 1310 cum

200 1331 314 1392 Ioanne
334 1330 417 1387 Duce
439 1347 540 1388 rerum
555 1329 689 1408 potiente
706 1327 785 1389 inter
798 1332 929 1391 Graecos
946 1333 983 1392 de
999 1333 1193 1414 processione
1221 1336 1352 1414 Spiritus

201 1415 299 1476 sancti
322 1413 525 1473 controversia
548 1411 765 1490 discuteretur,
787 1415 852 1493 ipse
873 1418 974 1477 multis
995 1439 1033 1478 ex
1049 1438 1133 1478 sacra
1147 1420 1313 1499 Scriptura
1325 1429 1352 1479 et

201 1501 315 1561 sanctis
337 1499 477 1559 Patribus
502 1499 638 1558 collectis
661 1499 838 1559 testimoniis
871 1502 1051 1563 Latinorum
1068 1506 1256 1566 sententiam
1281 1526 1350 1564 con·

202 1585 351 1660 firmavit,
379 1593 545 1664 postesque
563 1585 602 1642 ad
625 1584 837 1664 imperatorem
858 1584 1051 1648 Theodorum
1074 1589 1236 1648 Lascsrim
1267 1600 1299 1650 et
1317 1587 1351 1647 ad

202 1671 346 1732 Iacobum
363 1669 518 1746 Bnlgeriae
538 1669 666 1728 electum
683 1668 943 1751 archiepiscopum
964 1673 1143 1747 transmisit,
1168 1683 1204 1732 ut
1225 1695 1268 1733 ex
1290 1675 1350 1754 ipso

201 1757 313 1816 Ioanne
338 1754 437 1815 Vecc'o
459 1754 549 1813 docet
568 1755 696 1814 Allatius
717 1756 770 1816 lib.
790 1755 828 1815 II.
855 1755 892 1816 de
915 1759 1075 1837 utriusque
1090 1757 1253 1819 ‘ecclesiae
1280 1780 1351 1818 con·

203 1862 293 1901 sensu
309 1861 376 1919 cap.
397 1839 477 1898 XIV.
496 1861 526 1901 n.
549 1839 602 1898 IV.
624 1860 751 1920 quorum
775 1841 895 1918 quidem
910 1843 1057 1903 librorum
1079 1842 1221 1904 meminit
1240 1843 1351 1924 Pacby-

203 1927 365 1987 mereslib.
379 1925 427 1984 VI.
445 1946 511 2005 cap.
527 1925 651 2000 xxtll„
672 1927 724 2006 qui
746 1924 895 1986 habentur
918 1928 991 1987 editi
1011 1939 1082 2007 poet
1100 1938 1176 1988 tom.
1198 1927 1225 1988 I.
1249 1929 1349 1990 nnnat

203 2013 287 2072 Eccl.
297 2011 421 2070 Odorici
430 2009 578 2088 Raynaldi
591 2029 658 2070 cum
668 2012 806 2071 versione
819 2012 925 2072 Latina
937 2014 1071 2074 eiusdem
1081 2013 1195 2074 ellarii.
1218 2033 1349 2076 ncesse.

293 2116 364 2192 Peg.
388 2117 459 2186 129,
484 2117 532 2178 16.
573 2109 625 2185 Ὦς
651 2117 742 2197 σχολῇ
766 2109 905 2187 dedosoic
928 2109 1053 2194 iacebo]
1093 2113 1189 2188 Quasi
1213 2113 1348 2196 sibiipsi

205 2196 355 2270 scribens,
381 2217 437 2255 nec
457 2197 538 2256 libro
549 2197 737 2276 publicando
757 2199 940 2262 incumbens.
984 2199 1071 2274 Mox,
1100 2196 1205 2283 λα’θρα
1231 2199 1290 2282 pio
1306 2193 1348 2264 tri

204 2278 262 2361 erio
275 2286 337 2342 τοῖν
349 2286 469 2344 πολλῶν
482 2277 659 2358 ὑπόληψιν,
682 2303 759 2362 quae
773 2284 884 2360 verbe,
906 2285 1005 2363 inquit
1023 2285 1170 2361 Alletius,
1192 2303 1347 2367 perperam

204 2366 299 2426 vertit
322 2367 488 2446 interpres,
520 2365 666 2452 irpomice
691 2380 788 2443 metu,
810 2389 878 2428 cum
897 2383 1016 2429 vertere
1037 2369 1207 2447 debuisset,
1235 2384 1349 2452 propter

204 2449 364 2512 multorum
377 2449 532 2528 inuidiam,
554 2471 606 2512 seu
621 2451 723 2530 potius
734 2469 855 2534 propter
866 2450 1020 2513 vitandam
1036 2455 1248 2533 suspicionem,
1272 2451 1348 2534 quod

204 2536 379 2596 Latinorum
397 2535 512 2595 scilicet
531 2536 668 2617 partibus
691 2537 841 2596 addictior
862 2538 1026 2598 rideretur.
1068 2539 1176 2618 Neque
1200 2549 1302 2600 tamen
1319 2537 1347 2596 id

152 2669 156 2680 .
206 2621 604 2702 clamscripsiseedicendus
623 2630 678 2692 est.
702 2621 1199 2704 quodimperatorisiussuegerat.
1222 2644 1346 2684 nueaso.

293 2729 365 2805 Peg.
389 2729 460 2800 129,
484 2729 534 2790 18.
577 2718 706 2804 Aedesio
721 2719 1097 2803 τῶνπολλῶνῦπόληψιν]
1120 2721 1346 2785 VerteratWol-

204 2811 279 2882 lius,
315 2808 461 2893 infamiae
482 2822 567 2869 meto.
611 2810 672 2868 Leo
695 2808 824 2869 Allatius
848 2807 1029 2869 vertendum
1054 2807 1200 2889 putabat,
1235 2822 1347 2890 propter

204 2892 364 2956 multorum
375 2891 538 2966 invidiam,
560 2914 614 2954 seu
630 2893 732 2972 pollue
747 2908 866 2976 propter
878 2890 1033 2953 visandam
1047 2894 1262 2974 suspicionem,
1290 2895 1345 2970 Ego

204 3000 279 3042 vero
291 2980 397 3055 malni,
422 2993 542 3061 propter
554 2980 720 3059 opinionem
733 2980 764 3038 in
781 3001 841 3062 que
850 2975 983 3061 plerique
997 2990 1090 3039 erent.
1131 2997 1253 3041 eorvis.

292 3086 367 3162 Peg.
394 3085 464 3156 130,
486 3084 517 3146 6.
565 3076 625 3143 Τόν
642 3075 857 3160 πατριαρχικδν
885 3072 1080 3159 ἀναβεβηκώς
1101 3072 1243 3160 θρόνον]
1277 3079 1346 3156 μοι

204 3165 352 3246 Iosephus
365 3165 436 3224 sede
451 3185 504 3224 sua
519 3164 625 3243 pulsus
643 3166 676 3224 in
691 3164 879 3245 Peribleptae
892 3163 1106 3224 monasterium
1121 3178 1189 3223 sese
1209 3163 1345 3225 contulis-

206 3252 310 3312 setXl.
325 3250 455 3309 Ianuarii
473 3250 623 3310 secundae
639 3249 826 3322 Indictionis,
849 3269 927 3308 anno
942 3247 1045 3308 Mundi
1058 3246 1144 3307 iuxta
1161 3245 1345 3310 GraecosVI.

206 3335 464 3397 MDCCLXXXII.
489 3332 615 3415 (Christi
635 3331 862 3414 MCCLXXIV.)
885 3343 920 3392 ut
939 3341 986 3392 est
1006 3331 1087 3413 apud
1103 3331 1285 3412 Pacbymer.
1300 3332 1345 3392 lib.
1395 3387 1400 3410 v,

92 3479 97 3486 ,,
205 3422 243 3481 V.
260 3443 326 3500 esp.
347 3420 442 3483 XVII.
463 3419 561 3481 XXII.
576 3417 708 3500 hincque
723 3421 755 3479 in
770 3419 921 3500 Anoplum
936 3416 1028 3491 (sorte
1044 3416 1076 3476 in
1089 3415 1276 3496 Archangeli
1292 3437 1346 3476 mo·
1393 3411 1396 3420 ’

205 3509 386 3576 neoterium,
410 3505 447 3564 de
462 3524 523 3584 quo
534 3507 641 3582 supra)
663 3505 848 3577 amandatus,
872 3504 988 3563 Vescus
1002 3501 1177 3582 patriarcha
1195 3502 1346 3564 renuncia·

206 3601 310 3650 tusest
320 3589 429 3649 XXVI.
445 3587 534 3662 Maii,
558 3600 587 3648 et
602 3590 638 3649 ll.
656 3591 732 3649 lunii
747 3590 798 3650 dia
812 3591 1003 3649 Pentecostes
1017 3589 1227 3664 inauguratus.
1272 3589 1345 3648 Idem

205 3676 383 3756 Pacbymer.
405 3695 471 3753 cap.
487 3673 598 3733 XXIV.
622 3675 761 3736 XXVIII.
790 3694 920 3736 nocane.
971 3671 1100 3732 Secessit
1124 3670 1294 3752 Iosephus,
1319 3677 1347 3728 nt

206 3762 428 3842 supradictum
445 3768 506 3836 est,
529 3761 563 3824 A.
580 3760 612 3821 C.
629 3760 842 3821 MCCLXXIV.
856 3757 988 3818 Ianuarii
1001 3757 1049 3818 die
1066 3755 1120 3816 XI.
1160 3757 1283 3817 Vaccus
1296 3771 1347 3816 non

207 3849 308 3907 statim
322 3848 350 3908 ei
362 3845 550 3922 subrogatus.
592 3846 736 3906 Possinus
754 3865 794 3905 ex
815 3841 1010 3922 Pacbymeris
1028 3841 1130 3901 verbis
1148 3842 1202 3902 lib.
1216 3843 1270 3902 IV.
1288 3861 1345 3920 cap.

206 3933 301 3992 XVII.
318 3942 348 3992 et
367 3931 420 3990 lib.
438 3931 472 3989 V.
493 3951 562 4010 cap.
573 3932 683 3994 XXIV.
704 3953 720 3990 e
745 3933 839 4010 prima
856 3929 1023 3988 secessione
1042 3925 1163 4006 Iosepbi
1186 3927 1225 3987 ad
1249 3927 1347 3986 initum

207 4019 340 4078 aVeeco
358 4014 595 4097 patriarchatum
618 4036 734 4076 menses
747 4016 862 4075 solidos
871 4012 1023 4074 sexdecim
1046 4012 1258 4072 intercessisse
1271 4008 1346 4072 colli·

207 4105 268 4181 git;
291 4102 429 4182 atqueita
439 4100 530 4160 Vecei
543 4100 724 4162 creationem
734 4101 852 4160 confert
867 4100 899 4158 in
908 4118 1019 4157 annum
1032 4095 1143 4156 Christi
1153 4091 1345 4156 MCCLXXV.

206 4187 324 4248 Possini
340 4187 474 4246 calculus
488 4185 627 4246 firmatur
640 4187 818 4246 auctoritate
833 4183 1054 4246 chronicorum
1069 4185 1344 4260 manuscriptorum,

207 4271 241 4331 in
262 4273 372 4354 quibus
391 4272 508 4336 Vaccus
531 4271 618 4331 annis
639 4279 710 4333 octo
731 4271 834 4336 sedem
859 4268 990 4332 tenuisse
1011 4267 1136 4331 dicitur·
1180 4267 1259 4332 Vide
1281 4259 1344 4326 Co&
