2804 4778
211 250 311 328 1144
519 259 755 332 NICEPHORI
777 260 1021 332 GREGORAE

45 445 73 496 t.
89 443 123 494 nt.
136 425 358 512 sstuidyovrac
366 473 377 506 ,
399 419 504 511 άγίους
518 423 574 491 oda
587 421 625 492 ὅν
639 421 734 492 εἶναι·
763 423 838 494 aaut
849 421 909 513 γάρ
926 423 965 494 ῶν
983 451 1057 494 ποτε
1079 436 1193 516 φαῖμεν
1212 411 1316 514 ἧμεΐς,

82 511 162 567 ΜΗ
181 527 283 633 Eudae
304 529 344 594 τά
367 529 563 614 διειλημμένα
584 526 744 612 πνεόματα
752 578 763 612 ,
791 527 902 596 οὸκουν
925 529 997 595 οὐδὲ
1010 530 1068 606 τὰς
1082 543 1147 609 τοῖς
1167 533 1319 614 κτίσμασι

213 632 376 716 διδομένας
393 629 524 717 χάριτάς
546 634 649 696 τεκαὶ
672 633 821 719 ἐνεργείας
844 634 878 698 ia
896 640 953 699 rod
975 633 1091 711 παντὸς
1114 638 1245 717 αἰῶνος,
1271 632 1316 713 ῶς

210 736 267 802 οὐκ
282 733 338 800 είεν
353 735 433 801 κατὰ
450 735 485 800 τὸ
501 735 726 822 ἀναμφίλεκτον
741 735 881 802 άκτιστα.
918 737 945 801 εί
957 735 1017 821 γάρ
1033 739 1083 801 καὶ
1098 737 1174 803 θεὸν
1191 735 1316 804 διδόναι

187 863 191 869 “
208 838 317 905 κνιστὰ
332 839 571 924 συγχωροίημιν,
588 839 622 902 τί
633 837 676 903 ds·
686 838 731 924 είη
747 838 784 904 τὸ
798 845 855 922 τῆς
868 841 957 915 θείας
971 836 1122 926 ὑπεροχῆς
1136 841 1336 927 ίξαίρετονγδ

208 949 302 1010 τοῦτο
325 945 384 1026 γάρ
406 943 457 1005 καὶ
481 933 661 1026 ἀνθρώποις
676 939 771 1018 ίξεστι
789 952 884 1007 ποιεῖν
904 941 968 1023 ἀεὶ,
993 944 1043 1006 καί
1066 933 1183 1008 διδόναι
1205 941 1253 1020 οἷς
1273 944 1314 1010 ῶν

209 1071 257 1121 τις
271 1044 372 1109 ίθίλοι
390 1041 493 1112 indua
502 1041 541 1109 iis
551 1049 612 1108 τῶν
626 1047 822 1132 προσκαίρονν
838 1047 888 1110 καὶ
905 1043 964 1111 ὅσα
977 1051 1039 1110 τῶν
1052 1042 1229 1129 κτισμάτων
1239 1049 1315 1113 ἐθί-

178 1153 267 1214 Ὲλοι.
302 1145 377 1221 θεὸς
397 1139 453 1212 οὗν
475 1145 619 1222 οἴκτιστος
638 1145 767 1212 άκτιστα
785 1149 886 1232 διδοίη
902 1145 940 1213 dv
956 1147 1035 1216 κατὰ
1051 1147 1086 1213 τδ
1103 1146 1190 1225 είκός.
1226 1153 1253 1214 εἰ
1278 1149 1317 1216 δέ

208 1275 255 1325 τις
270 1247 371 1324 άλλως
386 1250 487 1315 ἐθέλοι
501 1249 606 1334 λέγειν,
626 1248 803 1336 ἀπόβλητος
818 1249 856 1316 ῶν
868 1250 913 1335 εἴη
926 1247 1000 1335 ἡμῖν
1013 1252 1045 1315 ἐκ
1059 1247 1174 1328 παντός
1186 1277 1221 1336 γε
1236 1249 1314 1337 τρό-

208 1377 288 1433 που,
311 1349 369 1416 κάν
382 1351 516 1437 οὐρανοῦ
528 1358 626 1434 βοῶσι
638 1358 768 1437 βρονταί
775 1402 785 1434 ,
813 1352 870 1420 κάν
884 1364 1017 1437 στοιχεῖα
1031 1350 1132 1418 πάντα
1149 1352 1312 1440 φωνήεντα
1321 1363 1353 1417 10

208 1451 406 1521 καταστάντα
422 1455 493 1542 λίγῃ
508 1457 607 1522 ταυτί.
662 1454 732 1546 (Β.)
755 1456 849 1541 Ἐμοϋ
871 1457 905 1522 δὲ
923 1462 987 1522 τῶν
1007 1453 1099 1542 άγίων
1118 1460 1313 1541 προκομίζειν
1381 1509 1386 1519 .

210 1559 431 1645 ίπιχειροῦντος
442 1558 500 1636 τάς
514 1561 661 1640 βίβλους,
684 1561 789 1626 ἐκεῖνοι
802 1559 882 1643 μηδὲ
893 1557 1004 1644 μικρὸν
1016 1565 1089 1644 γοῦν
1106 1558 1313 1642 ἀνασχόμενοι

211 1661 434 1745 ίξανίστησαν,
461 1660 579 1746 πολλὴν
602 1663 678 1744 ίμοῦ
707 1663 904 1746 καταχέοντες
922 1659 1035 1746 χλεόην
1055 1663 1105 1726 καὶ
1125 1660 1255 1728 πλεῖστά
1278 1689 1312 1728 τε

209 1765 346 1850 λέγοντες
359 1765 448 1853 ἕτερα
468 1767 519 1830 καὶ
539 1761 612 1847 ,,ῶς
629 1761 762 1834 άσόνττα
775 1769 853 1855 δρᾷς
869 1764 947 1831 κατὰ
965 1771 1114 1843 σεαυτοῦ,
1135 1771 1313 1851 βασιλικοῖς

93 1871 125 1927 Ρ.
138 1871 191 1929 716
209 1865 423 1954 ἀντιπράττων
436 1865 681 1954 προστάγμασιν,
708 1869 775 1947 ίξόν
788 1866 915 1934 ἐνδόντα
929 1867 1030 1954 βραχδ
1043 1869 1180 1950 μείζονος
1193 1866 1215 1950 ἢ
1230 1869 1310 1933 κατὰ
1319 1877 1351 1935 15

37 1971 41 1982 '
207 1970 265 2055 τὴν
291 1974 363 2056 πρὶν
386 1968 551 2038 ἀπολαύειν
573 1970 744 2054 εδμίνειαν,
768 1971 801 2038 ἴκ
822 1997 854 2038 τε
879 1971 1032 2054 βασιλέων
1051 1973 1102 2036 καὶ
1124 1974 1308 2052 βασιλίδων,

208 2075 259 2139 καὶ
278 2071 344 2157 ἅμα
361 2073 439 2159 πρὸς
455 2071 579 2140 πάντων
584 2122 597 2156 ,
625 2073 692 2140 ὅσοι
715 2100 748 2140 τε
771 2081 833 2140 τῶν
857 2079 1064 2158 συγκλητικῶν
1085 2076 1135 2138 καί
1156 2071 1225 2139 ὅσοι
1247 2081 1311 2139 τῶν

206 2175 309 2252 άλλως
322 2171 452 2260 ἑχόντων
467 2178 575 2253 αἰδοῦς
591 2178 642 2241 καλ
657 2185 756 2262 τιμῆς.
784 2179 834 2242 καὶ
847 2178 903 2260 μὲν
919 2176 957 2261 δὴ
972 2173 1136 2263 κεφάλαιον
1143 2225 1154 2256 ,
1174 2175 1308 2262 ἴφασαν,

206 2277 286 2345 ἴστω
303 2301 352 2344 σοι
371 2285 464 2344 τοῦτο
484 2284 547 2344 τῶν
570 2276 687 2364 λόγων,
716 2277 758 2358 ῶς
779 2281 927 2363 ίπιμίνων
945 2277 1044 2365 ταύτῃ
1061 2285 1100 2366 τῇ
1122 2276 1310 2367 σκληρότητι

204 2388 328 2448 πολλῶν
349 2383 405 2466 μὲν
429 2378 564 2469 στερήσῃ
587 2388 649 2448 τῶν
672 2382 820 2467 ἀγαθῶν,
851 2388 973 2448 πολλῶν
996 2384 1030 2447 δὲ
1048 2380 1227 2469 πειραθήση
1246 2389 1349 2448 oniam

206 2492 372 2572 λυπηρῶν·
400 2487 451 2551 καί
472 2483 538 2568 ἅμα
560 2491 622 2552 τῶν
643 2486 701 2568 μίν
723 2494 787 2553 σῶν
808 2484 906 2571 λόγων
928 2483 995 2551 ὅσοι
1018 2484 1069 2550 ἐπ’
1092 2485 1254 2569 ἐκκλησίας
1278 2486 1310 2550 ἓν

176 2599 275 2667 Βταῖς
294 2596 356 2656 τῶν
373 2585 467 2675 ῶγίιον
486 2586 745 2676 άναγινῶσκονται
766 2586 920 2674 μνήμαις,
941 2595 1003 2675 πῦρ
1024 2584 1194 2676 δαπανήσειΙ
1217 2587 1311 2654 πολί-

275 2755 318 2810 16.
335 2747 477 2824 τόμινείας
490 2751 557 2808 soni.
573 2753 658 2826 (λψρ.
728 2756 772 2812 20.
790 2751 942 2826 οτιρεδήση
955 2751 1023 2807 coni.
1034 2751 1118 2823 capp.

204 2892 316 2959 „lancti
329 2901 405 2958 sunt,
422 2899 450 2946 et
462 2892 500 2944 sio
512 2891 563 2945 ista
575 2909 626 2945 non
643 2891 777 2957 dixerunt3
798 2893 838 2946 rei
856 2892 907 2945 ista
919 2890 1055 2955 dixerunt,
1073 2905 1105 2941 ao
1118 2886 1230 2957 proinde
1243 2887 1311 2940 Snu-

205 2963 242 3014 cti
258 2972 390 3015 nunaunt.
426 2961 501 3015 Absit
512 2961 587 3026 enim,
606 2967 636 3014 ut
649 2961 764 3014 dicamus
780 2979 906 3031 unquam,
924 2978 974 3014 non
987 2977 1044 3012 esse
1061 2959 1138 3010 dnbio
1160 2957 1250 3027 procul
1269 2957 1311 3008 in-

206 3040 310 3098 creata,
327 3039 380 3084 tum
394 3030 439 3084 illa
452 3031 534 3083 sancti
548 3030 664 3098 Spiritus
677 3032 753 3094 dona,
766 3049 832 3101 quas
848 3033 919 3083 Deus
933 3031 1006 3082 varie
1021 3027 1163 3090 distribuit,
1176 3035 1230 3080 tum
1248 3043 1310 3094 grs-

206 3099 257 3151 tias
272 3106 299 3152 et
312 3101 486 3168 operationes,
498 3117 563 3168 quas
578 3101 610 3152 ab
625 3099 692 3152 omni
709 3117 773 3152 aevo
794 3100 919 3180 ereptoris
934 3099 1052 3167 largitur.
1087 3097 1155 3150 Nam
1170 3095 1194 3148 si
1208 3103 1310 3148 creatu

206 3184 249 3221 res
265 3168 322 3220 dari
337 3169 441 3222 etiams
458 3167 515 3221 Deo
528 3169 682 3232 fateremur,
718 3169 762 3222 uid
777 3169 878 3238 egregii
891 3177 995 3238 praeter
1008 3174 1113 3218 caetera
1127 3172 1154 3217 et
1167 3163 1254 3216 eximii
1269 3163 1311 3215 di·

206 3237 266 3290 vina
278 3237 398 3320 maiestas
409 3237 538 3291 baberet?
556 3237 614 3290 Hoc
627 3187 794 3321 enimiaoere
803 3255 904 3307 semper
915 3236 966 3306 ipsi
979 3235 1090 3288 homines
1103 3241 1228 3316 possunt?
1241 3249 1312 3314 nem·

206 3307 1310 3445 ttntit'bti‚itinibtiiitssiit‘titii‘{tintinnabant
1394 3437 1396 3446 Ι

205 3443 267 3512 quis
281 3449 366 3498 autem
385 3445 460 3498 aliter
478 3444 549 3514 loqui
567 3445 647 3506 velit,
665 3446 734 3498 buno
748 3447 815 3498 omni
837 3461 943 3514 prorsus
965 3443 1065 3497 ratione
1083 3441 1230 3503 reiioimus,
1248 3440 1310 3492 lieet

205 3511 327 3564 caelestis
339 3513 478 3567 tonitruum
493 3513 587 3566 clamor
602 3514 739 3579 audiatur,
757 3514 819 3569 licet
833 3514 917 3566 omnis
929 3528 1031 3581 quoque
1044 3513 1168 3564 elementa
1184 3509 1250 3561 fierit
1264 3525 1311 3558 νο-

204 3580 272 3634 salia
286 3587 314 3634 et
325 3583 426 3636 isthaec
443 3581 602 3652 proferant.”
638 3583 702 3651 (11.)
720 3585 784 3637 Cum
800 3600 861 3636 vero
880 3599 919 3634 me
933 3581 1093 3649 accingsrem
1112 3577 1146 3630 sd
1161 3576 1309 3630 efferendos

204 3658 351 3704 sanctornm
373 3653 481 3706 Petrum
496 3651 590 3714 libros,
607 3651 647 3704 illi
669 3669 702 3706 ne
719 3653 847 3706 tantillum
866 3651 969 3720 quidem
986 3649 1144 3702 sustinuere:
1162 3645 1210 3698 sed
1224 3645 1310 3698 statim

204 3727 389 3784 surrexerunt,
407 3721 483 3774 valde
495 3738 534 3774 me
546 3719 701 3786 irridentes,
719 3731 746 3774 et
759 3723 823 3774 base
837 3719 969 3772 interulis
983 3718 1090 3788 plurima
1104 3715 1167 3769 mibi
1179 3715 1310 3767 dixerunt.

203 3788 284 3853 „Nee
297 3789 359 3854 tu‚''
375 3790 542 3860 inquiebant,
560 3791 755 3858 „imprudenter
775 3799 802 3843 et
816 3789 969 3858 insipienter
988 3787 1113 3840 adversus
1128 3791 1208 3837 temet
1228 3783 1309 3853 ipsum

131 3921 133 3926 Ι
204 3858 279 3926 agis,
297 3859 365 3926 quod
381 3860 554 3912 sanctionibus
570 3859 742 3927 imperatoriis
754 3859 880 3921 obsistam
901 3873 956 3910 cnm
970 3857 1063 3910 liceret
1077 3853 1114 3922 (si
1129 3853 1207 3923 panio
1221 3851 1311 3905 remis·

204 3927 258 3980 sior
278 3929 370 3995 esses)
397 3929 474 3998 longe
496 3928 617 3981 maiorem
640 3944 715 3996 quam
740 3939 818 3982 antea
836 3928 1035 3996 imperatorum,
1059 3922 1267 3991 imperatricum,
1284 3930 1312 3973 et

205 3995 315 4050 omnium
333 3997 480 4066 quicunque
495 3997 537 4050 rel
551 3997 675 4049 senatorii
691 4005 752 4050 sunt
771 3995 886 4060 ordinis,
905 3996 947 4048 vei
967 3995 1052 4063 aliqua
1070 3992 1198 4061 dignitate
1212 3990 1266 4042 alia
1284 3993 1312 4042 et

205 4063 303 4118 honore
328 4066 446 4136 fulgent,
470 4064 676 4118 benevolentiam
704 4066 837 4135 consequi.
880 4064 1017 4117 Caeterum
1035 4061 1169 4128 (aiebant)
1188 4057 1311 4112 sermonis

205 4134 287 4186 nostri
303 4151 399 4188 summa
410 4133 455 4188 ills
469 4135 521 4186 sits
542 4134 565 4186 si
578 4133 616 4187 ita
631 4133 776 4188 obstinatus
792 4134 979 4202 permanseris,
997 4131 1132 4184 multorum
1146 4128 1252 4198 quidem
1265 4127 1312 4178 bo·

205 4217 294 4256 norum
313 4203 437 4258 iacturam
457 4203 555 4267 iacies,
580 4203 661 4256 multa
679 4222 741 4257 vero
757 4204 843 4258 tristia
856 4202 972 4272 malaque
985 4201 1102 4254 habebis.
1136 4197 1227 4261 Adde,
1245 4192 1312 4264 qnod

203 4287 336 4328 ammones
350 4279 410 4328 tuos
423 4289 526 4339 omues,
543 4273 588 4344 qui
603 4290 652 4344 per
668 4273 750 4328 tostos
769 4273 923 4346 Sanowrum
941 4270 997 4326 dios
1012 4270 1040 4324 in
1053 4267 1165 4325 ecclesis
1182 4266 1312 4337 leguntur,
