2714 5190
239 327 498 412 *Historiae
514 333 795 406 BYZANTINAE
810 335 977 412 axina
1032 271 1034 274 Ι
1070 329 1167 404 1101

39 496 90 565 πό
104 474 331 584 μετεχόμῗνον,
353 505 411 567 τοῦ
424 498 609 582 όμεθέντον.
641 499 678 568 τό
692 499 756 587 γὰρ
765 498 911 584 μετέχον,
938 498 1044 578 ἀτελές
1061 504 1118 587 μέν
1133 503 1170 571 όν
1186 517 1250 572 λθ.
1264 513 1331 573 atat

46 601 119 688 πρὸ
141 609 200 686 ”ii
222 603 396 687 ίῑέθέξὲως,
424 603 540 670 τέλειον
560 605 596 670 δέ
618 610 658 692 τῇ
677 605 801 687 μεθέξει
821 602 997 689 γινόμενον,
1027 589 1333 711 δεότερόνῐᾞοῐῖξὲλ·

50 703 124 770 ἔστι
144 703 272 783 πόντιος
291 713 348 773 τοῦ
367 707 590 796 μετεχομένου,
617 706 701 773 καθὸ
723 702 838 774 τέλειόν
859 709 926 775 έστι
945 706 1110 794 μετασχόν.
1143 703 1196 797 {pr

52 808 118 894 γὰρ
133 809 243 890 ἀτελές
257 803 314 894 ἦν,
338 806 439 898 τσῦτῃ
451 816 508 876 τοῦ
521 809 783 894 μετοσχεθέντος,
812 807 829 877 ὃ
846 822 930 898 ποιεῖ
941 793 1056 879 τέλειον
1076 813 1166 894 αὐτὸ,

32 911 314 999 θειοτοιῦεέοτερον.
339 912 376 979 τό
389 915 425 980 δέ
436 909 639 998 μετεχόμενόν
652 937 736 990 τινος
749 912 801 994 όν,
827 915 879 980 oroi
895 914 932 980 οῦ
945 911 1088 996 πάντων,
1113 923 1168 983 τοῦ
1184 929 1216 985 P.
1231 932 1279 986 691

55 1010 187 1084 πάντων
203 1015 305 1098 ὄντος,
322 1019 374 1082 καί
390 1015 429 1084 οῦ
443 1041 536 1097 τινος,
558 1013 650 1082 πόλιν
663 1013 830 1104 ῦφειμένην
845 1015 952 1102 ἔλαχεν
964 1016 1105 1106 ὕπαρξιν.
1131 1019 1168 1088 τό
1186 1034 1220 1092 V.
1230 1035 1283 1091 ⁶57

56 1117 116 1202 μέν
129 1118 191 1205 γὰρ
207 1125 252 1208 τῷ
266 1116 392 1186 πόντων
407 1121 497 1209 ιιίτίῳ
517 1119 767 1207 συγγενέστερον,
793 1118 832 1187 τό
847 1121 882 1186 δέ
904 1113 1000 1206 ἧττον
1019 1124 1167 1209 capparis.

56 1216 178 1306 ἡγεῖται
204 1221 267 1309 ι’ίριι
290 1222 327 1288 τό
357 1223 415 1305 μέν
444 1221 618 1305 ῦμέθεκτον
650 1229 717 1314 τιῦν
738 1223 966 1308 μετεχομίνων·
1000 1233 1101 1294 τοῦτο
1123 1229 1168 1308 δέ,

57 1331 125 1390 τῶν
139 1323 339 1409 μετεχόντων.
371 1323 415 1402 ὥς
426 1325 504 1412 γὰρ,
530 1320 689 1420 συνελόντι
702 1323 817 1414 φόνοι,
842 1325 1093 1409 reprobrato
1109 1331 1171 1410 πρὸ

16 1433 124 1502 tortis
144 1415 282 1495 πολλῶν·
309 1428 347 1496 τό
369 1429 405 1494 δέ
427 1425 629 1512 μετεχόμενον
650 1430 683 1495 έν
698 1439 764 1506 τοῖς
778 1435 904 1506 πολλοῖς
916 1428 950 1498 ’έν
967 1433 1034 1514 ἅμα
1048 1437 1099 1498 noi
1114 1433 1172 1518 οῦχ

58 1530 110 1596 έν·
137 1531 175 1608 τό
191 1533 226 1597 δέ
239 1532 367 1617 μετέχον
384 1538 448 1598 πᾶν
475 1531 533 1615 οῦχ
552 1529 587 1598 i's
606 1530 673 1614 ἅμα
692 1534 743 1598 τοί
765 1531 830 1618 έν.”Ι
862 1535 1008 1602 σκεπτέον
1027 1536 1197 1610 doceri-ion

57 1633 140 1721 πρός
153 1641 231 1700 θεοῦ
238 1684 249 1716 ,
275 1641 342 1712 πιῦς
357 1641 481 1702 πολλῶν
493 1641 558 1702 τεῦν
577 1641 634 1702 τοῦ
648 1632 798 1720 Ἕλληνος
810 1633 908 1702 όντων
922 1635 1086 1722 δογμάτων
1101 1642 1170 1727 περὶ

58 1744 160 1819 θεοῦ,
189 1729 232 1802 ὧν
254 1738 295 1806 τὰ
313 1740 487 1810 πλείω,τοῦ
503 1747 604 1806 νοσεῖν
624 1763 691 1815 ποις
707 1736 902 1822 ἀπήλλακται
908 1788 919 1820 ,
944 1739 996 1806 tec
1019 1747 1064 1830 τῷ
1082 1739 1171 1824 μόλοι·

58 1847 206 1934 νοσοῦντι
222 1838 434 1928 προσετετῆνει
447 1840 550 1928 μέρει,
574 1839 592 1908 ό
607 1839 664 1906 νῦν
679 1840 766 1928 otto
781 1837 910 1928 παρόντι
924 1841 1100 1933 τρλἚλληνι
1112 1871 1169 1929 με·

17 1941 197 2026 ιετιίμελον
215 1940 375 2038 ιἐχορήγει,
402 1941 569 2028 τᾶτόπρμιι
591 1942 851 2029 όημοσιεσόμενον
871 1946 1036 2027 βλέποντι·
1061 1947 1082 2032 ἢ
1103 1954 1173 2024 πῶς

60 2047 121 2114 οῦκ
135 2045 175 2112 ἃν
188 2046 311 2134 ᾐδέσθη
325 2047 382 2114 τόν
395 2044 517 2133 ἔλεγχον
532 2044 671 2114 οῦτόθεν
685 2045 870 2131 αἰσχόνοντιι
877 2096 889 2129 ,
915 2049 1039 2131 βλέπων
1055 2047 1098 2127 ῦς
1111 2051 1170 2116 cd-

58 2151 117 2226 τός
136 2147 399 2239 ἕοοτρῦμόχοιτο,
428 2149 579 2216 τάναντία
599 2159 665 2227 τοῖς
683 2147 836 2237 πρότερον
851 2151 1005 2219 {noceor
1018 2155 1196 2239 rapport-o

60 2257 143 2338 ζων,·
169 2263 251 2338 τρεῖς
265 2255 321 2337 μέν
338 2252 398 2340 γὰρ
416 2254 558 2320 έντοιῦθα
574 2250 675 2332 τιίξεις
695 2263 843 2320 ποιεῖται·
869 2257 945 2338 μίαν
962 2257 1096 2342 μέντὴν
1112 2265 1170 2324 τοῦ

62 2356 239 2439 ἂμεθέιιτοο
257 2353 533 2444 ιιοιίῦπερνειμένοο
549 2362 640 2439 θεοῦ,
659 2356 805 2444 δευτέραν
821 2357 856 2422 δέ
871 2358 928 2442 τὴν
943 2365 1000 2425 τοῦ
1013 2365 1168 2442 μεθεκτοῦ

16 2461 188 2549 ιοχίνονς,
206 2461 257 2526 noi
274 2461 382 2548 τρίτην
398 2465 462 2527 τῶν
475 2456 675 2545 μετεχόντων.
702 2463 756 2526 ταί
774 2457 891 2547 ἡγεῖται
905 2469 1057 2530 τοσοῦτον
1071 2459 1169 2549 incp-

176 2607 182 2616 η

151 2621 154 2632 t

1 2699 5 2702 ’
100 2695 129 2757 t,
145 2689 284 2760 ignobiiiuc
302 2695 345 2746 eat
365 2709 412 2757 eo,
429 2688 499 2763 quod
515 2673 748 2764 participaturr’et
767 2691 837 2766 quod
856 2691 1047 2766 participatur,
1063 2691 1168 2763 ignobi-

73 2763 116 2816 ‘us
126 2771 168 2818 ert
184 2780 234 2825 eo,
250 2763 320 2832 quod
333 2761 488 2833 participari
506 2779 557 2816 nou
569 2769 665 2834 potent.
699 2763 769 2817 Nam
779 2763 849 2834 quod
863 2763 955 2836 partioi
974 2770 1017 2830 at,
1035 2780 1095 2817 cum
1108 2768 1170 2818 aute

62 2831 289 2904 participationem
309 2832 484 2900 imperfectum
501 2831 537 2884 sit
557 2841 586 2885 et
606 2831 809 2916 participatione
827 2849 875 2886 sua
900 2851 933 2903 pe
959 2841 1043 2885 ectum
1063 2832 1168 2894 evadat,

34 2947 35 2950 ,
62 2909 139 2954 certe
152 2900 280 2970 posterius
293 2907 335 2954 est
347 2917 395 2964 eo,
412 2900 483 2970 quod
496 2900 685 2970 participatur,
702 2919 729 2954 ιιι
745 2909 866 2971 quantum
883 2902 1025 2974 perfectum
1039 2907 1081 2954 eat
1092 2907 1171 3022 port·-

61 2987 141 3042 quam
161 2969 336 3040 participavit.
377 2970 445 3024 Nara
462 2978 591 3040 quatenus
609 2970 786 3038 imperfectum
809 2978 880 3034 arnt,
904 2979 1010 3023 catonua
1030 2970 1093 3039 igno,
1108 2968 1168 3022 ilina

62 3047 108 3093 est
118 3047 165 3103 oe,
182 3041 250 3108 quod
265 3039 453 3110 participtur,
470 3037 593 3108 quodque
604 3040 686 3107 iprum
702 3039 844 3108 pcrioctum
859 3037 954 3092 reddit.
990 3039 1067 3105 Quod
1083 3046 1168 3092 cutem

61 3110 100 3164 ab
111 3107 214 3177 aliquo,
231 3113 287 3162 ειοιιΙ
297 3109 331 3161 ab
346 3108 463 3161 omnibus
476 3107 663 3178 participatur,
679 3107 706 3159 id
728 3108 898 3161 subatantiam
911 3107 1030 3161 sortitum
1045 3115 1087 3161 eat
1099 3108 1169 3160 inic-

60 3177 159 3232 riorem
176 3194 222 3242 eo,
239 3177 309 3246 quod
324 3179 360 3230 ab
371 3177 501 3238 omnibus,
519 3193 570 3228 oon
582 3177 617 3229 ab
630 3175 717 3245 aliquo
729 3177 871 3241 duntaxat,
889 3176 1071 3247 participatur.
1099 3178 1168 3230 Nam

61 3247 115 3302 buo
127 3245 224 3316 magia,
240 3253 269 3298 et
280 3247 344 3300 iiiud
358 3245 441 3300 minus
455 3245 489 3298 ad
500 3245 734 3298 universalissima
747 3245 856 3299 omnium
874 3263 958 3299 rerum
977 3263 1073 3300 musae
1091 3251 1168 3298 natu-

60 3333 119 3370 ram
133 3315 243 3368 accedit.
277 3314 351 3386 Ergo
364 3315 433 3384 quod
448 3315 600 3384 participari
615 3314 706 3383 nequit
724 3323 840 3383 praestat
858 3314 905 3380 iic,
928 3332 996 3385 quac
1007 3314 1169 3386 participan-

60 3392 122 3447 tum
140 3393 169 3438 et
182 3383 296 3438 vicissim
309 3401 377 3454 qaae
396 3383 583 3454 participantur
601 3383 791 3452 praestantiora
811 3383 954 3448 sentitiis,
976 3401 1045 3454 quae
1059 3383 1167 3453 portici·

34 3459 137 3525 aepant.
172 3452 292 3517 Etenim,
307 3463 336 3506 ut
349 3469 400 3506 uuo
414 3454 495 3506 verbo
508 3452 665 3521 complectar
677 3453 778 3516 omnia,
794 3453 862 3522 quod
878 3453 1027 3524 participari
1042 3469 1092 3506 non
1106 3461 1167 3522 pot·

60 3531 122 3587 est,
140 3523 190 3576 boc
207 3532 268 3575 anta
284 3522 364 3586 muita
380 3537 455 3574 unum
476 3529 532 3586 eat3
550 3522 618 3591 quod
637 3529 722 3574 autem
737 3522 924 3594 participatur,
940 3521 967 3575 iu
985 3522 1073 3576 multis
1090 3539 1167 3576 unum

59 3601 105 3646 est
123 3592 199 3644 cirsai
214 3599 242 3645 et
258 3608 309 3644 non
321 3607 413 3653 uaum3
429 3591 540 3661 denique
554 3590 677 3661 quicquid
695 3591 853 3661 participat,
873 3599 915 3645 est
929 3609 980 3645 nou
998 3608 1074 3645 unum
1090 3591 1168 3644 simui
1234 3592 1236 3600 “

59 3669 91 3716 et
103 3659 207 3714 unum.'’
243 3660 296 3713 Fer
313 3661 394 3712 Deum
413 3677 461 3713 voa
473 3663 605 3724 obtestor,
624 3668 654 3712 ut
667 3661 716 3712 boc
731 3661 757 3713 in
776 3661 833 3714 ioco
848 3661 1017 3730 perpendatis
1031 3659 1166 3730 quomodo,

60 3747 121 3785 cum
141 3745 257 3800 paganus
276 3729 328 3781 istc
341 3725 450 3782 Procius
463 3730 542 3782 muita
558 3731 592 3781 de
611 3729 666 3782 Deo
681 3729 802 3800 dogmata
814 3730 967 3793 tradiderit,
985 3745 1092 3799 quorum
1108 3727 1167 3797 pie-

59 3817 145 3870 nque
156 3809 217 3853 eom
230 3801 263 3851 ab
280 3797 348 3850 omni
362 3798 458 3850 erroris
471 3798 537 3852 vitio
556 3797 639 3851 libera
657 3803 685 3850 ct
702 3815 784 3868 pura,
800 3797 992 3852 vitioaimimum
1005 3813 1038 3850 ea
1052 3797 1103 3849 iilis
1118 3795 1167 3848 do·

59 3869 192 3938 gmatibua
210 3868 329 3920 Paiamas
348 3866 427 3920 fuerit
442 3868 589 3936 amplexare
605 3866 675 3938 quod
691 3883 753 3920 sane
772 3883 875 3937 pagano
890 3867 951 3920 huie
963 3865 1084 3936 scriptori
1101 3881 1166 3934 poc-

41 3938 164 4004 ,nitaudi
177 3937 258 3990 iocum
272 3936 363 3999 daret,
381 3935 404 3988 si
416 3953 538 4005 praeacns
551 3937 611 4006 ipse
623 3935 760 3989 absurdam
774 3939 842 3989 banc
851 3937 997 4006 opinionem
1008 3935 1110 3989 videret
1124 3933 1166 3985 di-

59 4006 174 4076 vulgari.
209 4005 312 4074 Atioqoi
330 4006 457 4075 quomodo
475 4023 525 4058 noo
545 4006 726 4068 erubesceret,
744 4005 768 4058 si
782 4003 869 4058 rtatim
884 4011 1003 4058 cerneret
1017 4004 1167 4074 probrosam

59 4084 141 4146 atque
154 4074 349 4144 ignominiosam
363 4073 507 4128 sententiae
520 4091 583 4128 suae
593 4074 794 4138 refutationem,
811 4082 938 4144 quatenus
950 4073 1066 4126 nimirum
1080 4088 1165 4124 uocarm

56 4145 118 4215 ipse
132 4151 248 4214 pugnat,
265 4144 396 4197 contraria
408 4143 541 4212 prioribuo¹
551 4143 672 4211 dogmata
685 4143 732 4196 boo
745 4143 772 4195 in
787 4144 844 4196 ioco
856 4143 1013 4213 protereret
1029 4141 1081 4195 Hic
1097 4140 1165 4194 enim

57 4223 113 4268 tres
127 4229 215 4267 rerum
232 4211 336 4265 ordiner
350 4228 409 4265 ease
423 4213 531 4276 στειλειῆς
548 4228 656 4282 quorum
672 4211 701 4264 in
737 4213 802 4265 rimu
822 4212 925 4282 reponit
937 4227 983 4264 em
999 4211 1069 4281 quod
1083 4209 1166 4280 parti-

55 4284 144 4356 cipari
161 4281 254 4351 nequit
267 4289 296 4334 ct
308 4285 452 4352 iupremum
470 4283 570 4335 Deumc
586 4281 614 4334 in
634 4298 647 4332 a
732 4299 748 4333 o
765 4279 877 4333 eciiocat
895 4297 980 4348 genus
994 4281 1077 4342 eutis,
1094 4273 1166 4349 quod

56 4353 215 4426 partcipari
237 4357 338 4423 puteatc
356 4351 381 4404 in
402 4350 481 4408 tertio
497 4352 597 4406 demum
615 4349 708 4406 ordina
720 4349 954 4414 commutantia,
971 4365 1039 4421 quae
1055 4348 1166 4422 partiei-

28 4436 41 4462 Ο·
