2722 4770
203 107 280 184 8⁰4
494 113 728 183 NICEPHORI
749 113 990 182 Gredonum

35 271 65 347 λ.
77 295 111 346 Ι.
124 281 236 352 deieci
260 285 365 364 σχῆμα
388 283 444 364 τῆς
463 278 640 361 βασιλείας,
667 275 769 364 ιῦσπερ
792 280 837 354 είς
857 277 1029 365 ἀσφαλείας
1049 273 1229 362 ἆκρδπολιν·
1256 275 1346 355 ὥς

68 367 120 417 ¹¹¹⁶·
131 365 166 421 ¹⁵
194 391 255 451 νῦν
267 409 299 469 γε
317 385 404 448 δυοῖν
415 379 550 466 θάτερον
566 383 691 460 ἐλπίζειν
706 379 838 446 ἔσεσθαί
849 406 903 462 μοι
920 379 998 466 πρὸς
1017 388 1074 446 τοῦ
1093 381 1211 465 πατρὸς
1225 381 1294 462 ἕψε-

198 507 267 552 ται·
293 483 314 570 ἢ
329 485 400 570 γὰρ,
423 480 465 560 ὥς
475 480 688 568 μιμησάμενον
702 483 759 568 τὴν
773 484 805 547 iv
819 481 946 569 ἀπόροις
958 482 1105 570 εῦπορίιιν
1119 484 1227 563 αἰτοῦ,
1244 485 1294 550 τὸν

197 589 265 654 υίῦν
282 588 462 654 ίπαινίσειεν
483 585 521 652 ἂν
537 609 603 661 nuuc
624 585 694 667 ἐμέ·
726 584 747 670 ἢ
769 588 797 651 εί
817 589 1030 670 λοιδορεῖσθαί
1046 613 1100 670 μοι
1124 588 1292 671 ίπιχειροίη,

167 689 294 763 »λάθοι
308 689 347 756 ἂν
360 689 454 765 αὐτὸς
468 685 569 776 ἑαυτῷ
583 694 759 774 περιφανῶς
773 686 1006 775 λοιδορούμενος
1020 688 1040 774 ἢ
1055 691 1134 772 ἐμοί·
1161 686 1204 764 ὥς
1216 689 1290 773 μηδ’
1301 697 1346 759 Ξ

200 793 277 879 ἴχειν
300 791 379 879 παρ’
405 791 526 857 οῦδίσιν
549 787 777 867 Ἑλλανοδίκαις
797 791 834 857 ud
855 793 1084 878 συγκεχωρηκὸς
1096 794 1164 874 ἐμοὶ
1179 799 1236 875 τῆς
1250 793 1295 875 λγ-

196 891 362 982 χειρήσειος
388 893 572 972 ἓπεξιίναι.”
614 891 685 982 (Δ.)
713 894 818 961 Ταῦτ’
849 895 941 960 είπαλν
962 898 1013 960 καλ
1040 895 1135 970 αὐτὸς
1167 895 1222 960 τὸν
1242 895 1296 977 μὲν

196 1005 285 1066 θεῖον
299 997 507 1085 ξυνδιαφίρειν
521 992 699 1082 παρήγγειλε
713 997 771 1081 τὴν
785 998 962 1084 ἐγχείρησιν,
980 1000 1030 1062 καὶ
1044 1009 1111 1074 τοῖς
1126 995 1295 1080 ἑκασταχοῦ

198 1095 403 1186 στρατιώταις
423 1096 537 1182 ὅμιλεῖν
564 1099 604 1164 τὰ
626 1097 745 1164 εἰκότα·
772 1099 866 1176 αὐτὸς
891 1102 926 1166 δὲ
949 1100 1007 1184 τὴν
1027 1106 1084 1184 τῆς
1103 1096 1297 1187 Ὀρεστιάδος

198 1202 389 1290 κατειληφὼς
409 1199 575 1285 ἀκρόπολιν
597 1199 671 1286 ὅλην
690 1203 806 1268 ἐκεῖθεν
821 1198 941 1288 ὥχῦρου
956 1203 1014 1286 τὴν
1027 1201 1136 1282 πόλιν,
1155 1207 1206 1267 καῖ
1224 1202 1298 1288 πρὸς
1306 1211 1346 1268 λε

200 1304 273 1392 ’ἔργα
291 1302 547 1392 παρεσκευάζετο,
577 1304 801 1392 ίκδημαγωγιῦν
819 1330 852 1371 τε
872 1308 925 1371 καί
943 1311 1095 1389 μαλακοῖς
1116 1331 1178 1372 τισι
1200 1303 1299 1392 λόγοις

199 1405 403 1492 ίξιδιοῦμενος
414 1407 453 1474 τὰ
467 1404 671 1494 στρατόπεδα.

104 1523 195 1580 P.506
275 1509 314 1599 ps.
342 1510 446 1578 Ταῦτ’
472 1509 528 1577 οῦκ
547 1503 586 1595 ἦν
607 1506 748 1576 lixorium
770 1507 892 1596 ἠρεμεῖν
914 1514 959 1599 τῷ
977 1510 1092 1593 πατρί,
1121 1507 1197 1574 ἀλλ’
1217 1509 1298 1575 ἀθυ-

105 1592 284 1700 ΗΜμίαις
306 1615 496 1699 ίνιισχολεῖν,
524 1616 574 1679 καί
592 1609 751 1698 συντήκειν
774 1612 872 1696 συχνὰ
892 1613 928 1678 τδ
949 1609 1148 1695 θυμοῦμενυν
1163 1619 1221 1698 τῆς
1234 1631 1298 1697 ψυ-

195 1723 272 1803 χῆς,
303 1713 399 1783 πιίλαι
421 1716 642 1806 διανειμαμένιρ
665 1725 731 1790 τοῖς
751 1717 808 1798 μὲν
824 1715 900 1781 υίίσι
923 1715 981 1791 τὰς
1003 1715 1226 1799 ἇνελευῦίρους
1242 1721 1296 1781 τοῦ
1305 1729 1334 1783 15

198 1823 270 1904 βίου
288 1816 402 1904 τῦχας,
425 1826 470 1908 τῷ
485 1821 519 1884 δὲ
531 1825 662 1907 γαμβρῷ
677 1816 884 1906 Παλαιολόγῳ
906 1818 964 1895 τὰς
979 1825 1034 1884 τοῦ
1049 1820 1208 1901 βασιλείου
1222 1815 1297 1904 κρά-

197 1947 272 1998 τους
297 1919 453 2006 διαδοχιίς.
483 1921 531 1986 διδ
555 1925 607 1987 καί
627 1919 807 2008 αὐθημερὸν
828 1921 935 1998 ἐξιέναι
952 1919 1033 1986 πάνυ
1047 1947 1096 1987 τοι
1111 1917 1297 2008 προθυμοῦ·

197 2049 304 2109 μενος,
327 2023 412 2107 ὅμως
426 2025 539 2108 ἐπεῖχεν
554 2022 597 2089 ἴτε
605 2073 616 2104 ,
639 2026 689 2089 καί
705 2026 889 2111 ἐνεκαρτέρει
905 2030 950 2113 τῷ
965 2030 1023 2108 τῆς
1035 2020 1297 2109 γνυίμφςεβοαλευ-

197 2129 304 2216 τηρίῳ.
331 2129 382 2192 καί
403 2127 509 2211 μέντοι
534 2130 586 2193 καί
606 2124 716 2212 ἣκιστα
737 2125 824 2211 μάλα
845 2152 893 2192 τοι
916 2127 1045 2212 ῦρεστδν
1067 2125 1182 2218 ἐδόκει,
1214 2111 1297 2192 δυοῖν

171 2231 233 2295 Bi'r
246 2230 282 2316 γί
295 2255 342 2296 τοι
364 2233 443 2322 δρᾷν
459 2231 492 2295 ἐκ
511 2237 567 2297 τοῦ
594 2237 792 2316 παραχρῆμα.
821 2229 891 2298 σῦτε
904 2229 962 2316 γὰρ
976 2229 1047 2296 ἄνευ
1066 2228 1170 2296 ὅπλων
1183 2231 1216 2295 ἐκ
1231 2233 1330 2298 Bau-o

196 2335 322 2415 ’ζαντίου
336 2334 413 2421 πρὸς
427 2330 551 2420 γνιῦμην
567 2333 641 2398 ilvae
656 2331 792 2422 ε’θάρῤει,
808 2343 877 2408 ταῖς
886 2341 941 2416 τῆς
955 2335 1129 2420 φιλοτιμίας
1143 2331 1214 2419 ῦρτι
1228 2335 1294 2397 δια-

198 2436 367 2522 νηχυμίνην
381 2437 503 2520 ἀκμαῖς·
531 2436 600 2503 mim
614 2437 691 2521 μεθ’
707 2435 810 2504 ὃπλων
824 2430 864 2502 uri
879 2435 943 2501 ίκεῖ
953 2438 1120 2515 διαβαίνειν
1134 2438 1185 2500 καί
1200 2459 1294 2522 στρα-

198 2541 348 2608 τοπέδων.
376 2541 502 2624 ἰκμῆναι
515 2539 574 2627 γὰρ
589 2539 628 2606 ἂν
641 2535 754 2606 οῦτωσί
768 2546 888 2623 μᾶλλον
898 2540 979 2627 ’πρὸς
998 2540 1157 2624 αίθερίους
1179 2535 1294 2624 φλόγας

201 2641 244 2722 ὥς
259 2645 292 2712 ίν
305 2646 420 2736 σποδιᾷ
435 2641 651 2721 καθευδοῦσας
669 2641 712 2710 i'u
726 2643 785 2720 τὰς
805 2644 838 2709 δν
851 2649 891 2731 τῇ
904 2648 991 2730 ψυχῇ
1005 2647 1061 2707 τοῦ
1076 2642 1236 2707 νεανίσκου
1249 2665 1295 2705 κι-

268 2773 295 2832 6.
314 2774 418 2844 λοιδορ.
430 2769 451 2846 ἢ
464 2771 541 2844 ἐμοί]
558 2776 661 2843 μᾶλλον
678 2772 767 2838 deest,
783 2778 813 2826 ut
828 2773 950 2826 observat
965 2770 1041 2826 Bois.

198 2877 302 2948 imperii
320 2877 446 2946 insignia,
470 2881 590 2947 tanquam
609 2876 641 2930 ad
654 2875 775 2931 iortunee
792 2875 937 2946 perfugium
957 2873 1089 2946 processit.
1124 2871 1297 2937 Quamobrem

199 2948 305 3000 duorum
317 2948 422 3001 sicerum
435 2945 497 3000 iicet
508 2947 569 2999 mibi
583 2963 689 3030 sperare
702 2963 717 3000 a
731 2953 813 3016 petre.
847 2947 901 2998 nur
913 2945 987 3008 enim,
1002 2952 1031 2996 ut
1044 2959 1106 2996 ruse
1117 2943 1143 2995 in
1155 2942 1297 3012 expedien-

201 3013 243 3067 dis
258 3015 333 3068 rebus
347 3015 504 3070 diiiiciilimis
522 3015 642 3068 soiertrse
658 3015 811 3068 imitatorem
827 3014 906 3067 fllium
926 3014 1037 3066 iortosse
1052 3013 1096 3065 ilie
1115 3029 1154 3064 me
1169 3012 1297 3064 leudove-

201 3082 252 3147 rit3
270 3093 315 3136 sut
331 3083 354 3135 si
371 3085 404 3137 ed
420 3085 610 3138 convitiandum
624 3085 807 3154 aggrediatur,
824 3083 873 3136 sibi
885 3083 942 3152 ipse
957 3083 1039 3152 pelam
1052 3080 1199 3150 imprudens
1215 3079 1296 3147 magis

116 3157 121 3168 ‘
201 3151 385 3205 conviciabitur
403 3169 479 3222 quam
495 3153 573 3206 mibi:
589 3171 637 3207 nec
655 3154 715 3223 quia
731 3154 758 3206 id
775 3169 852 3206 ausus
869 3153 975 3216 fuerim,
992 3150 1082 3203 iicebit
1097 3150 1122 3202 ei
1137 3149 1206 3218 apud
1218 3149 1297 3201 ulium

202 3219 294 3274 iustum
307 3221 415 3274 iudicem
429 3239 524 3292 poenas
538 3239 602 3275 ame
614 3221 761 3292 expetere.''
778 3221 854 3290 (IV.)
863 3222 936 3274 lineo
950 3219 1070 3290 loquutus
1082 3218 1207 3271 avunculo
1221 3233 1297 3288 prce-

202 3287 281 3358 cipit,
297 3297 325 3342 ut
337 3305 421 3342 secum
438 3289 496 3343 huic
512 3291 636 3344 molitioni
651 3289 790 3344 struendae
804 3291 947 3353 incumbat,
965 3298 1062 3341 etcum
1077 3287 1214 3348 militibus,
1232 3303 1296 3354 qua·

202 3373 302 3427 cunque
313 3359 480 3422 occurrerint,
497 3376 528 3412 ec
561 3366 619 3413 rout
632 3377 679 3430 par
693 3360 782 3424 fuerit,
800 3360 966 3428 colloquatur.
1001 3358 1061 3428 ipse
1075 3355 1223 3408 Orestiodis
1237 3371 1297 3407 erce

199 3433 431 3550 ffiiffi’ss'ssff
443 3378 602 3550 ippedurzipm
615 3429 709 3551 μοραλς
718 3436 778 3551 (pom
791 3427 921 3510 reptandq
930 3425 1140 3550 berpevulenticm,
1158 3433 1186 3478 et
1197 3422 1297 3477 blandis

362 3515 386 3550 cu
415 3513 463 3550 sm
481 3513 489 3549 ι
519 3515 551 3551 er
579 3515 635 3550 cren
655 3515 683 3562 o,
702 3517 717 3553 e
747 3515 762 3550 u
782 3515 813 3550 us
828 3515 939 3550 sesocrn
960 3516 968 3548 ι

269 3567 296 3621 8.
312 3565 361 3618 His
375 3572 450 3635 poter
460 3565 557 3619 auditis
568 3582 725 3636 nequequam
740 3517 882 3637 quirescere,
899 3513 1043 3620 sedgtotum
1056 3579 1085 3615 se
1098 3560 1206 3614 moerori
1220 3559 1298 3622 darec

201 3633 319 3704 idemque
331 3634 394 3688 irem
409 3651 480 3688 suern
496 3634 602 3688 subinde
618 3637 782 3704 comprimere
793 3643 821 3690 et
832 3651 992 3704 concoquere
1004 3649 1036 3687 eu
1049 3631 1166 3693 ratione,
1183 3629 1250 3698 quud
1267 3629 1297 3680 ii·

199 3705 271 3759 beris
284 3703 338 3756 suis
351 3703 468 3757 servilem
484 3704 601 3758 furtunae
620 3705 804 3769 conditionem,
821 3720 916 3774 genero
930 3711 1014 3756 autem
1027 3698 1180 3768 Paiaeulugo
1198 3697 1297 3768 imperii

199 3773 385 3827 successionem
404 3772 552 3843 iampridem
570 3773 738 3842 assignasset.
769 3774 860 3842 Itaque
875 3789 906 3824 ea
919 3773 978 3842 ipse
996 3770 1039 3824 die
1055 3767 1145 3852 egredi
1162 3768 1238 3822 vaide
1252 3783 1297 3818 eu·

200 3843 274 3913 piene
292 3849 376 3895 tumen
397 3859 425 3894 se
446 3842 586 3907 continuit,
604 3851 631 3894 et
645 3859 731 3896 secum
749 3841 831 3896 tacite
846 3841 989 3894 deliberare
1009 3839 1133 3911 perstitit.
1169 3837 1296 3890 Neutrum

199 3919 271 3964 certe
284 3911 308 3964 ei
321 3911 440 3981 placebat
455 3911 540 3965 stetim
558 3911 652 3965 iecere.
686 3911 780 3980 Neque
795 3910 860 3963 enim
875 3912 930 3964 sine
944 3909 1021 3964 ermis
1033 3905 1160 3978 Byzantio
1173 3906 1253 3968 exire,
1270 3911 1297 3956 et

199 3977 227 4032 in
241 3980 299 4050 ipsu
313 3980 457 4034 ambitionis
468 3988 542 4035 aestu
555 3981 719 4035 fluctuantem
733 3979 841 4034 animum
854 3979 965 4043 adoriri3
983 3995 1031 4032 nec
1043 3993 1131 4031 rursus
1147 3991 1203 4028 cum
1220 3974 1296 4026 armis

200 4049 356 4102 exercitibus
376 4067 408 4103 ue
422 4049 484 4105 iiiuc
497 4051 615 4103 conferre
629 4068 657 4103 ee
671 4049 789 4103 audebat.
824 4050 865 4101 Ita
883 4049 949 4100 enim
962 4049 1059 4116 sopitos
1073 4045 1173 4107 adhuc,
1187 4052 1215 4096 et
1225 4039 1296 4095 ceint

200 4117 249 4172 sub
267 4116 354 4173 cinere
394 4127 493 4187 tentes,
510 4119 634 4174 inanimo
648 4117 817 4174 adolescentis
831 4125 915 4173 motus
929 4117 1049 4172 furiatum
1061 4114 1094 4168 iri
1110 4113 1207 4184 magis,
1224 4107 1296 4184 qussi
