2706 5160
198 251 274 362 o1s
500 295 737 368 nicaenum
757 237 1021 370 annuorum
1083 245 1139 392 ss‘

37 471 62 520 b
76 467 110 518 M·
125 459 285 548 685οείπερ
308 460 400 545 ποτέ,
436 455 559 549 έγεμίνει
579 460 681 545 βαρῦς
705 461 757 528 aul
779 456 861 526 πάνυ
886 485 935 528 τοι
957 458 1081 552 σφόδρα
1096 463 1299 547 συνεχέςέπι-

68 535 164 588 ¹¹¹M⁰
197 564 299 652 ῳέρωυ
323 565 361 630 τὸ
383 561 500 650 βάρος·
533 565 584 629 καί
607 560 686 649 πρός
706 587 740 649 με
759 570 822 630 τῶν
844 562 1035 651 γραμμάτων
1052 563 1162 632 ὁπόσα·
1176 565 1255 651 πρός
1268 593 1301 632 τε

195 667 252 734 τὸν
266 664 397 754 Κράλην
411 668 545 752 Σερβίας
569 669 620 732 καί
631 665 832 752 Ἀλέξανδρον
839 715 851 747 ,
864 667 919 734 τὸν
932 674 995 734 τάν
1008 673 1134 738 Μυσῶν
1150 669 1299 755 ἀρχηγὸν,

197 771 338 858 καὶπρὸς
351 767 553 854 οίουσάήποτε
564 771 742 854 συμμαχίας
755 771 840 836 ἕνεκα
853 769 966 853 έπεμπε
972 820 983 851 ,
1011 769 1302 856 πάντα,,ἦλίσκοντο

194 874 273 961 πρὸς
289 880 352 942 τῶν
373 873 569 953 Βυζαντίων,
596 883 746 960 φρουροῖς
766 875 817 939 καί
838 870 1061 962 ἡμεροσκόποις
1081 873 1314 960 διαλαβόντωνέ

194 977 236 1043 τά
255 974 357 1066 κίκλῳ
372 973 451 1064 πρός
466 1001 499 1042 τε
513 982 571 1063 γῆς
582 978 633 1042 καί
646 974 819 1061 θαλάττης.

168 1094 194 1149 F·
279 1095 328 1182 ιμ’.
349 1093 390 1163 Ὃ
402 1120 435 1182 γε
447 1094 511 1180 μὴν
525 1093 717 1184 πατριάρχης
730 1099 853 1181 μείζονα
868 1095 925 1182 τὴν
940 1098 1096 1164 δικαίωσιν
1109 1105 1166 1185 τῆς
1178 1105 1305 1180 βασιλι-

196 1206 252 1284 κῆς
275 1200 440 1287 έπιτροπῆς
458 1196 679 1283 μηχανώμενος
702 1198 802 1292 ἑαυτῷ
829 1199 937 1284 έστεψε
959 1201 1011 1266 διὰ
1036 1199 1138 1286 πάσης
1158 1206 1303 1287 σπουδῆς

100 1301 132 1356 Ρ·
140 1297 339 1387 384Ἰωάνυην
359 1301 414 1370 τὸν
430 1305 528 1368 muido
545 1310 602 1368 τοῦ
613 1305 783 1386 βασιλέως,
812 1302 849 1369 οὗ
864 1305 1055 1390 περιμείνας,
1082 1305 1182 1371 διὰτὸ
1197 1307 1304 1388 λίχνον

196 1411 254 1489 τῆς
274 1405 422 1492 ἐφέσεως,
459 1403 539 1471 οὔθ’
562 1403 682 1490 ἡλικίαν
699 1407 814 1487 αὐτοῦ,
844 1396 914 1472 οὔτ’
936 1407 1084 1492 ίπίσημον
1097 1404 1216 1494 ἡμέραν
1230 1408 1315 1474 und

196 1513 254 1574 τοῦ
276 1509 426 1574 ἐνιαυτοῦ.
454 1505 546 1593 ένάτη
569 1509 628 1597 γάρ
650 1511 700 1574 brt
724 1511 797 1575 δέκα
821 1509 925 1593 έτυχεν
940 1503 1019 1576 οὖσα
1044 1517 1101 1576 τοῦ
1122 1513 1302 1597 νοεμβρίου,

199 1602 262 1698 ένῇ
276 1611 311 1677 τὸ
331 1611 492 1694 βασιλικὸν
513 1611 598 1702 αὐτῷ
620 1613 806 1701 περιτέθεικε
822 1614 953 1700 στέφος,
981 1609 1157 1694 άξάμβολάς
1175 1639 1224 1690 τις
1238 1611 1304 1700 ‹pri-

199 1741 249 1780 ναι
260 1716 310 1780 καί
326 1712 412 1798 μάλα
424 1713 586 1802 ἀνέορτος,
613 1714 649 1782 τό
664 1741 696 1802 γε
710 1707 785 1802 ἧκον
799 1714 963 1800 ripariolis.
988 1717 1087 1781 καίτοι
1100 1723 1192 1782 τοῦτο
1210 1713 1304 1799 tund-

137 1859 142 1872 ι
198 1823 268 1884 λετο
295 1818 351 1901 μέν
380 1819 635 1904 περιφανέστερον
660 1815 677 1884 d
707 1819 965 1903 Καντακουζηνὸς
997 1825 1190 1903 καταστῆσαι
1221 1818 1303 1902 μετὰ

197 1921 254 1987 τὸν
274 1927 330 1986 τοῦ
354 1921 506 2002 βασιλέως
528 1919 669 1988 θάνατον
690 1919 804 1999 εὐθύς·
831 1919 942 1988 έκάλυε
963 1921 999 1987 d'
1024 1921 1118 1998 αὐτὸς
1132 1919 1315 2004 ε’πιβοάλωςῐ

168 2025 250 2088 Βκαὶ
269 2019 357 2106 μάλα
383 2023 440 2088 οὖν
464 2019 556 2111 δόλῳ.
611 2021 680 2112 (Β)
713 2024 808 2091 Κατὰ
824 2025 933 2114 μέντοο
956 2023 1017 2110 τὴν
1038 2032 1095 2090 τοῦ
1121 2025 1304 2110 δεκέμβρίου

195 2123 346 2210 τετάρτην
362 2126 583 2210 andelacensis,
611 2129 679 2212 περὶ
702 2128 804 2212 δειλὴν
828 2128 941 2210 ὀψίαν,
970 2125 1061 2195 ὁπότε
1074 2127 1129 2212 τὴν
1144 2130 1304 2213 γενέθλιον

197 2225 367 2315 πανήγυριν
381 2225 564 2315 ἑορτάζομεν
579 2235 635 2295 τοῦ
653 2236 793 2318 σωτῆρος
807 2235 951 2318 Χριστοῦ
960 2280 971 2311 ,
1000 2230 1165 2313 ἀνεβίβασε
1190 2238 1304 2298 τοῦτον

197 2330 256 2397 κάν
276 2337 321 2420 τῷ
342 2336 399 2396 τοῦ
418 2333 570 2396 παλατίου
590 2335 733 2422 Αίθερίῳ
754 2335 895 2422 οἰκίσκῳ·
922 2332 998 2400 ὅθεν
1019 2336 1070 2398 καί
1086 2334 1116 2400 oi
1127 2333 1189 2420 πρὸ
1204 2335 1304 2400 αιἰτοῦ

196 2439 335 2518 βασιλεῖς
354 2429 517 2500 εἰώθεισαν
538 2434 596 2518 τὴν
615 2433 762 2521 τοιαύτην
783 2433 903 2525 ἡμέραν
922 2433 1124 2523 προκύπτειν,
1153 2436 1271 2524 ἀθροιζ
1285 2451 1316 2502 -t

194 2537 290 2622 μένου
304 2543 360 2604 τοῦ
381 2534 525 2621 πλήθους
539 2543 600 2603 τῶν
624 2542 819 2621 Βυζαντίων,
857 2542 908 2606 καὶ
936 2539 1052 2616 παντὸς
1073 2547 1129 2605 τοῦ
1151 2548 1301 2626 στρατοῦ,

197 2643 248 2706 καί
263 2637 481 2724 άνυμνοάντων
507 2640 620 2718 adroic
641 2643 744 2726 εὐχαῖς
765 2669 798 2709 τε
820 2646 871 2708 καί
887 2643 1050 2731 εὐφημίαις
1068 2646 1229 2718 παντοίως
1244 2642 1304 2708 κά-

174 2750 323 2824 θτωθεν,
352 2741 425 2808 κατ’
451 2741 553 2810 dadon
567 2751 624 2810 τοῦ
647 2745 743 2812 πάλαι
764 2744 926 2833 θριάμβου
944 2743 1112 2830 Ῥωμαίων.
1146 2738 1186 2830 ἦν
1200 2747 1235 2811 δέ
1247 2753 1304 2812 νῦν

197 2843 217 2914 ὁ
233 2853 288 2913 τοῦ
305 2844 405 2933 δήμου
419 2843 562 2914 κάτωθεν
581 2847 781 2934 ίξηχοάμενος
802 2846 912 2937 κρότος
933 2853 984 2916 καὶ
1003 2846 1146 2937 θόρυβος
1170 2848 1228 2916 osia
1251 2849 1304 2915 ed-

199 3043 403 3102 oaustantissims
417 3045 616 3118 ingrammus,
631 3046 774 3118 asperrima
787 3053 842 3104 tum
855 3047 921 3104 suit:
938 3052 966 3102 et
979 3053 1115 3118 praeterae
1129 3064 1306 3131 quaecumque

198 3115 243 3168 ille
262 3118 363 3170 litteras
383 3115 439 3170 sive
455 3119 490 3172 sd
503 3120 605 3171 Cralem
620 3117 742 3183 Serviaa,
762 3117 818 3173 sive
836 3117 868 3172 ad
887 3118 1057 3172 Alexandrum
1078 3117 1207 3187 Mysorum
1230 3135 1307 3186 pnn-

200 3184 297 3252 cipem,
324 3186 380 3236 sive
400 3185 432 3236 ad
455 3187 519 3239 alios
539 3187 669 3256 quoslibet
686 3188 895 3242 arcessendorum
912 3188 1063 3240 auxiliorum
1078 3205 1156 3241 causa
1175 3186 1305 3250 mittebat,

199 3269 286 3304 omnes
305 3253 537 3322 intercipiebantur
556 3274 573 3307 a
591 3256 742 3322 Byzantiis,
760 3257 805 3327 qui
824 3261 919 3310 cuneta
936 3255 1033 3310 circum
1044 3273 1062 3309 a
1075 3261 1148 3310 terra
1167 3263 1194 3308 et
1208 3273 1225 3310 a
1238 3255 1306 3310 mari

198 3321 348 3376 custodibus
361 3333 441 3392 atque
454 3324 659 3396 exploratoribus
674 3327 803 3380 tenebant.

269 3409 310 3462 13.
333 3410 368 3460 At
385 3409 548 3478 patriarcba,
573 3428 623 3480 quo
642 3410 775 3464 videratur
792 3410 890 3464 meliori
913 3409 970 3466 iura
987 3409 1092 3465 tutelam
1113 3409 1306 3480 imperatoriam

198 3475 250 3530 sibi
264 3493 416 3544 arrogasse,
431 3478 499 3532 onusi
512 3479 648 3548 diligentia
658 3481 778 3533 loannem
793 3479 908 3534 defuncti
923 3480 1087 3550 imperatoris
1100 3477 1179 3532 filium
1195 3497 1306 3531 eorona-

198 3544 253 3608 rit,
271 3561 322 3598 non
337 3553 489 3616 exspectata
518 3566 581 3618 prae
600 3549 725 3604 aviditate
748 3565 797 3603 naa
810 3558 897 3603 aetate
914 3550 1000 3613 illius,
1017 3565 1065 3603 nec
1082 3548 1168 3618 aliqua
1188 3548 1249 3601 anni
1262 3548 1307 3602 die

197 3614 342 3683 insigniori.
378 3617 446 3670 Nam
458 3617 481 3670 is
494 3635 612 3672 coronam
629 3618 818 3688 imperatoriam
831 3617 899 3672 illius
916 3619 996 3704 capiti
1010 3617 1131 3686 imposuit
1143 3617 1304 3672 Novambais

198 3684 242 3736 die
256 3700 309 3738 xix.
323 3701 390 3753 quae
401 3685 458 3739 dies
475 3704 507 3740 ex
522 3705 550 3740 se
564 3688 667 3741 minime
681 3687 791 3756 insignis
802 3693 847 3742 aut
859 3688 970 3740 solennis
984 3695 1034 3743 est.
1069 3689 1104 3739 st
1117 3685 1143 3738 id
1157 3686 1243 3755 ipsum
1256 3703 1306 3740 va·

198 3752 285 3808 luerat
304 3753 501 3808 Cuntaeuzenus
522 3757 697 3825 splendidiore
720 3765 847 3825 apparatu
871 3757 1002 3810 celebrare
1024 3761 1083 3826 post
1102 3755 1199 3808 obitum
1217 3756 1306 3810 statim

197 3823 1306 3964 men)

120 3995 124 4004 ·
198 3960 343 4015 &inauris
361 3963 536 4028 celebramus,
553 3963 660 4017 eundem
678 3964 706 4016 iu
719 3933 963 4034 Aetherea’quoque
982 3963 1073 4035 palatii
1090 3962 1209 4016 aedicula
1227 3963 1306 4016 inau-

250 4032 323 4094 avit3
339 4033 447 4085 undeet
462 4033 491 4096 ii,
508 4033 552 4102 qui
565 4033 635 4086 illum
648 4039 848 4094 maceramus,
863 4033 1032 4102 imperatores
1043 4031 1113 4086 soliti
1126 4039 1201 4084 erent
1214 4031 1305 4084 eadem

219 4101 244 4152 'e
261 4109 429 4170 prospectare
440 4102 627 4171 Byzantiorum
642 4109 824 4171 congregatam
847 4102 1032 4156 multitudinem
1050 4108 1181 4169 tommque
1202 4099 1306 4154 exerei-

200 4175 269 4232 tum,
288 4173 333 4238 qui
347 4179 374 4222 et
388 4170 457 4224 votis
469 4177 498 4224 et
510 4171 578 4224 omni
591 4172 717 4225 laetarum
729 4171 935 4224 adclamationum
949 4187 1044 4240 genere
1063 4188 1096 4224 ex
1112 4168 1230 4222 inferiori
1247 4171 1305 4222 Ιοοο

201 4253 246 4290 eos
263 4240 499 4308 prosequebantur,
517 4241 552 4295 sd
569 4239 669 4294 veteris
684 4239 805 4309 triumphi
824 4240 932 4293 Romani
947 4241 1097 4310 exemplum.
1134 4239 1202 4292 Erat
1219 4245 1306 4292 autem

200 4305 306 4376 plausus
318 4325 349 4362 as
359 4310 500 4382 strepitum,
517 4327 592 4384 qnam
604 4316 658 4366 tum
672 4308 759 4363 ciebat
770 4309 839 4365 inira
852 4310 979 4382 populus,
997 4327 1047 4366 non
1058 4325 1133 4384 mera
1146 4325 1177 4362 ao
1195 4307 1305 4380 simplex
