2804 4778
205 283 307 357 1170
592 287 954 359 AnNOTATmNES.

288 445 361 531 Pog-
381 449 435 524 94,
457 451 509 515 28·
551 447 748 512 Εἰσκαλεϊται
773 447 899 529 τοίνυν]
947 449 1059 510 Coacta
1086 450 1212 530 syuodo
1245 451 1358 530 aliquot

204 535 416 615 episcoporum
440 532 702 614 Constantinopoli
713 536 746 594 in
764 533 909 594 Alexieco
922 535 1066 595 triclinio.
1109 534 1293 614 Pechymer.
1309 537 1356 599 lib.

203 620 254 680 IV.
269 640 334 697 cap.
348 618 402 678 IV.
421 617 460 681 V.
476 618 603 682 v1.v11.
619 620 697 682 VIII.
713 619 767 682 lx,
781 623 820 684 x
861 641 992 681 nucero.

289 703 363 786 Pag.
384 703 437 782 95,
458 707 489 770 9.
533 701 706 788 Γερμανός]
740 703 917 785 Pucbymer.
941 707 997 769 lib.
1017 705 1068 766 III.
1086 725 1155 786 cap.
1181 706 1256 771 XII.
1276 705 1355 766 XIII.

201 810 336 851 uocare

289 879 362 956 Peg.
374 875 428 949 95,
443 878 495 940 20.
536 867 686 957 Ἰκάριος]
710 873 886 956 Pechymsr.
903 875 957 935 lib.
972 874 1011 938 V.
1029 896 1097 956 cep.
1112 875 1245 937 XXVII.
1268 877 1353 938 letius

201 978 298 1041 porro
327 960 412 1018 lcsrii
433 958 631 1020 desectionem
653 961 794 1040 pluribus
818 961 1031 1040 descripsimus
1053 963 1085 1020 iu
1106 961 1187 1022 Hist.
1217 963 1354 1022 Franco-

201 1046 331 1125 Byzent.
342 1043 395 1103 lib.
411 1045 447 1106 V.
463 1065 491 1106 u.
507 1044 598 1106 XLV.
614 1054 645 1106 et
660 1047 765 1106 XLVI.
786 1047 841 1106 ‘ubi
858 1048 944 1106 ilium
958 1047 1050 1106 fuisse
1070 1066 1108 1106 ex
1132 1046 1353 1108 Zachariam

202 1151 257 1191 seu
274 1127 478 1212 laqueariorum
497 1131 611 1190 semilis
634 1131 784 1190 Genuensi
801 1132 974 1208 docuimus,
998 1151 1108 1210 exque
1127 1133 1206 1191 alter
1225 1134 1352 1192 Benedi-

206 1225 274 1275 ctus
288 1213 465 1289 Zacharias,
490 1237 526 1275 sc
542 1217 623 1275 illius
641 1216 718 1276 forte
732 1217 828 1292 solius,
848 1215 955 1276 Chium
967 1217 1094 1276 insulem
1110 1217 1238 1277 Graecis
1255 1219 1353 1278 abstu-

201 1299 239 1361 lit
257 1299 314 1359 sub
339 1320 385 1359 en
402 1300 558 1362 dccclv.
601 1299 672 1360 Vid.
690 1302 792 1361 eadem
808 1302 886 1364 llist.
902 1302 955 1364 lib.
970 1302 1020 1362 VI.
1033 1323 1062 1361 n.
1081 1303 1179 1362 XXV.
1223 1323 1351 1362 nuceso.

286 1382 363 1466 Pag.
384 1388 436 1460 95,
459 1391 512 1450 21.
558 1390 621 1448 Turi
641 1389 696 1467 τῆς
711 1381 848 1468 Εὐβοίας
866 1386 1067 1469 κρατοῦντος]
1089 1387 1249 1467 interpres
1266 1387 1352 1448 Proe-

201 1483 295 1531 torem
310 1478 460 1531 verteret:
484 1469 666 1552 Principem,
686 1472 920 1534 emendarimus.
960 1473 1111 1532 incertum
1129 1482 1254 1548 eutem,
1274 1472 1351 1553 quod

200 1575 274 1615 mox
285 1554 408 1631 subdit,
430 1577 468 1616 sn
482 1557 603 1615 Euboea
623 1556 818 1636 Reipublicae
835 1559 967 1618 Venetse
982 1579 1017 1617 ee
1031 1567 1212 1636 tempestate
1227 1559 1352 1638 provin·

201 1641 249 1700 cie
273 1641 437 1711 exstiterit,
461 1661 530 1700 cum
549 1663 565 1700 a
584 1641 684 1701 tribus
707 1643 833 1702 dirersis
846 1643 1036 1722 principibus
1056 1651 1121 1700 tuno
1138 1643 1350 1722 possideretur,

201 1743 241 1786 ex
253 1725 374 1785 iemiliis
393 1725 485 1787 Dolle
503 1722 623 1787 Gorceri
635 1726 815 1804 Veronensi,
846 1726 880 1787 di
896 1725 983 1788 Girisi
997 1727 1110 1789 Veneta
1116 1773 1126 1804 ,
1148 1739 1180 1787 et
1197 1727 1351 1787 chirunb

201 1811 372 1887 Genuensi,
396 1831 435 1871 ex
458 1831 516 1890 que
537 1821 687 1892 postrema
713 1824 777 1874 eret
800 1813 922 1887 lentos,
946 1813 1020 1892 quI,
1041 1821 1076 1871 ut
1098 1813 1208 1873 scribit
1229 1811 1351 1892 Perby-

199 1915 297 1956 meres
314 1897 344 1959 d.
365 1916 431 1977 cup.
447 1896 622 1956 xxv11.ex
632 1899 719 1958 istius
731 1899 847 1958 insulse
859 1898 986 1957 dominis
1001 1907 1075 1972 eret,
1100 1906 1206 1976 etque,
1229 1907 1264 1957 ut
1281 1917 1349 1956 vero

201 1982 362 2056 estsimile,
373 2002 389 2040 s
399 1983 519 2040 duobus
528 1983 594 2041 aliis
601 1983 791 2062 principibus
800 1981 961 2058 deiecerat,
975 1992 1041 2043 orte
1049 1983 1181 2041 invicem
1189 1983 1349 2042 simultate.

200 2065 313 2126 Scribit
323 2066 456 2125 Andreas
470 2068 668 2128 Danduluein
684 2068 790 2128 chron.
805 2069 860 2128 Me.
871 2069 926 2128 sub
944 2089 991 2130 sn.
1007 2067 1348 2128 mecumtecum.

200 2151 384 2210 Guilelmuur
406 2149 668 2230 Vtilberduinum,
690 2156 743 2234 qui
762 2155 914 2214 Geusredo
930 2153 1017 2213 Irstri
1039 2155 1158 2212 Morene
1175 2162 1207 2212 et
1222 2152 1349 2212 Achaiae

198 2234 333 2317 principi
356 2247 559 2313 successerat,
596 2239 635 2297 ed
667 2259 699 2298 se
730 2241 863 2300 evocetis
882 2240 1009 2299 Neriotu
1037 2235 1130 2298 Delie
1152 2233 1294 2314 Cer-ceri,
1321 2249 1348 2296 et

200 2320 351 2380 Guilelmo
369 2321 552 2398 Veronensi,
581 2323 718 2384 Euboeae
737 2325 854 2384 insulse
875 2323 1082 2406 principibus,
1105 2323 1205 2401 iisque
1227 2323 1259 2381 iu
1282 2343 1349 2382 car·

198 2425 299 2465 cerem
312 2407 474 2483 coniectis,
497 2408 528 2467 in
546 2409 669 2469 eandem
690 2409 819 2470 insulem
836 2429 904 2470 cum
920 2410 1016 2488 copiis
1032 2408 1190 2488 irrupisse,
1213 2406 1348 2486 beneque

199 2510 407 2571 expugnasse,
431 2514 469 2553 ex
484 2515 518 2554 ee
538 2495 625 2573 pulso
640 2495 734 2554 Penio
753 2494 922 2574 Grudeuigo
937 2495 1120 2554 Venetorum
1139 2493 1266 2552 Bsiulo:
1292 2494 1348 2552 Vc·

197 2585 285 2637 ustos
299 2597 388 2654 vero,
411 2579 501 2639 misse
519 2580 621 2640 Merco
638 2579 809 2658 Gradenigo
825 2599 894 2640 cum
915 2579 979 2641 VII.
993 2578 1185 2654 triremibus,
1209 2579 1244 2637 in
1265 2579 1347 2638 suxi·

197 2660 701 2746 Iiumescitisvicinisprincipibus,
710 2666 838 2725 insulem
849 2668 949 2725 denuo
958 2663 1119 2744 recepisse.
1134 2663 1234 2722 Sedet
1244 2684 1281 2722 ex
1291 2655 1346 2723 ¹dr·

197 2745 289 2810 chiou
303 2749 443 2810 Cameree
459 2760 669 2830 computorum
683 2751 842 2810 Perisiensi
856 2750 1002 2810 ducemur
1010 2793 1019 2822 ,
1043 2769 1120 2808 enno
1139 2747 1345 2808 dcccxliv.

197 2831 276 2892 duos
288 2845 448 2911 magnetes,
472 2855 600 2914 quorum
617 2833 843 2896 aristeneto
860 2833 988 2912 Carceri,
1011 2833 1345 2894 alterlisrtbolorneeus

198 2917 285 2977 Girisi
297 2920 407 2979 nobilis
423 2922 556 2981 Venetus
572 2921 758 2998 vocabatur,
780 2922 833 2980 isti
846 2921 962 2980 insulse
978 2929 1042 2980 tum
1057 2919 1237 2978 insolidum
1252 2919 1345 2997 impe-

200 3022 303 3078 rssse,
326 3025 362 3064 ec
385 3006 503 3066 Moreee
520 3005 651 3086 principi
674 3005 762 3066 iidem
787 3015 817 3066 et
840 3005 1009 3065 clientelam
1030 3005 1228 3084 praestitisse.
1273 3003 1345 3063 Vide

197 3088 324 3148 eundem
345 3091 518 3152 Dandulum
534 3113 605 3154 enu.
619 3092 810 3156 Mcctxtrt
825 3102 854 3152 et
866 3091 1068 3150 nectxxn.
1090 3089 1276 3150 SsbeIIIcuru
1291 3098 1343 3150 ete

196 3191 328 3233 nucero.

280 3261 357 3341 Pvg·
381 3263 433 3335 96,
455 3263 507 3325 22.
555 3256 616 3325 Τὸν
634 3258 690 3343 μὲν
711 3254 845 3345 demptio
861 3263 916 3340 τῆς
933 3252 1090 3340 Εὖβοίας]
1113 3257 1212 3319 Aliter
1230 3257 1344 3338 Perby-

198 3362 313 3419 meres,
336 3346 462 3424 quinon
481 3346 619 3406 Euboeae
639 3347 827 3430 principem,
850 3346 904 3406 sed
924 3345 1064 3405 Ioannem
1085 3343 1197 3426 Μέγαν
1218 3340 1343 3426 Κύριον,

123 3447 127 3455 ·
197 3445 251 3486 seu
268 3430 312 3488 uti
326 3430 423 3490 nostri
439 3432 589 3492 vocabant
604 3430 649 3492 Le
666 3427 773 3492 Grunei
795 3429 878 3504 Sire,
906 3440 1026 3510 ceptum
1051 3429 1283 3502 ereticorum,
1311 3447 1344 3487 se

196 3510 306 3574 deinde
333 3515 492 3575 remissum
513 3519 613 3577 stetim
638 3518 819 3591 decessisse,
852 3515 939 3594 eique
957 3514 1138 3574 successisse
1163 3514 1344 3580 Guilelmnm

193 3596 277 3657 iliius
296 3600 420 3661 fratrem
446 3607 594 3682 Magnum
612 3601 772 3662 Dominum
794 3601 908 3662 scribit.
943 3600 1003 3673 Qui
1025 3620 1119 3679 porro
1134 3597 1229 3680 μέγας
1243 3594 1344 3678 κύριος

194 3682 233 3742 eb
255 3704 289 3743 eo
321 3696 529 3765 nuncupetur,
552 3706 612 3746 non
635 3688 719 3746 elius·
741 3697 786 3747 est
808 3685 845 3745 ub
867 3684 1040 3746 Atheniensi
1063 3685 1168 3758 Duce,
1192 3685 1236 3742 its
1252 3705 1268 3742 a
1286 3705 1344 3742 no·

194 3769 266 3827 stris
289 3773 461 3852 appellato,
490 3774 570 3850 quod
593 3772 656 3832 eius
681 3771 756 3832 ditio
777 3771 896 3848 longius
922 3769 1050 3830 coeteris
1069 3771 1102 3828 in
1125 3771 1254 3828 Graecis
1271 3789 1342 3848 pro·

193 3854 386 3932 tenderetur:
409 3865 536 3936 uterque
551 3877 624 3918 vero
639 3858 798 3918 exsemilis
818 3854 854 3915 de
866 3853 898 3916 lo
911 3853 1016 3917 Recte
1030 3853 1156 3914 exstitit.
1200 3853 1278 3914 Vide
1292 3853 1343 3912 ili·

148 3945 150 3952 ‘
192 3939 316 3999 storiam
333 3941 605 4023 I'renco-Byzant.
622 3943 676 4003 lib.
692 3943 729 4004 V.
745 3963 775 4002 n.
790 3942 908 4005 XLVII.
951 3961 1085 4000 nocere

279 4023 355 4107 Pog-
379 4032 431 4101 97,
453 4033 485 4093 9.
531 4032 642 4090 Hircoso
671 4026 789 4108 πρηνής
820 4021 871 4089 ἐπ’
891 4019 1045 4102 ἐδάφους]
1078 4025 1160 4083 Mers
1189 4023 1290 4082 lubuls
1306 4020 1341 4080 de

193 4106 312 4169 Iouernis
328 4111 426 4171 subite
444 4113 477 4172 in
490 4113 684 4194 imperatoris
700 4121 867 4193 conspectu
880 4121 996 4189 morte,
1018 4129 1055 4170 ex
1069 4110 1108 4170 iis
1121 4127 1199 4189 quse
1215 4110 1342 4168 trudun-

192 4201 244 4253 tur
258 4215 274 4253 u
291 4197 474 4278 Peeby‘mere
488 4196 540 4260 lib.
554 4199 589 4261 V.
603 4219 672 4280 cep.
689 4199 813 4258 XXVII.
856 4217 987 4257 onemo.

278 4279 352 4366 Pog-
374 4289 426 4362 97,
450 4289 498 4354 10.
542 4281 635 4350 Messi
652 4283 772 4368 μέντοι]
796 4285 835 4344 Ut
850 4283 925 4346 Pers
943 4300 997 4344 eeu
1014 4280 1122 4341 Gelute
1137 4277 1277 4356 Venetis,
1298 4273 1340 4336 ri·
