2706 5160
945 204 960 241 Ι

131 282 208 358 oto
440 276 678 364 neronom
697 293 942 364 eneconis

128 450 238 521 perdere
253 455 372 504 mutus.
405 450 545 506 Personae
562 454 604 506 ler
621 453 746 506 odorum
760 453 889 522 ingratos.
926 451 1047 508 audon
1060 454 1239 509 llononorsns

129 537 234 575 causae.
277 520 471 574 Contaoursnus
496 523 686 591 imperatricem
709 531 736 576 st
756 523 938 590 patriarelsum
959 526 1085 591 priootim
1111 527 1237 578 conuenit.

131 590 237 653 Oratio,
259 607 337 658 quom
354 592 426 659 opud
449 609 492 643 eos
515 593 617 645 holuit.
660 593 814 660 imperatrix
838 599 864 644 et
880 592 1035 660 puuiurctn
1058 594 1240 647 iusiurandum

130 659 238 712 dorstet
256 659 393 727 accipiunt.
430 661 626 713 Cantaouzenus
648 664 733 713 multo
757 669 783 713 et
805 663 948 730 praeclara
972 664 1124 718 meditatur.
1160 664 1239 716 Puris

129 729 239 796 bellique
256 731 362 781 eoruilia
379 730 413 781 alr
431 747 460 782 eo
478 731 553 784 inita.
591 731 721 799 Propensa
738 747 805 799 erga
823 732 907 797 ipsum
929 732 1049 784 noluntas
1064 733 1238 799 finitimorum

127 799 280 866 populorum
297 798 353 866 (6).
392 801 587 868 Cuntoeuzonus
603 802 632 852 in
649 800 735 868 Mysos
752 803 892 852 exereitum
910 800 1004 853 educit.
1032 802 1068 854 lis
1082 801 1131 852 sibi
1147 819 1238 854 reson·
1306 825 1308 829 ’

128 868 238 930 sitiatis,
258 867 399 921 Tlsreoiarn
419 870 513 922 lustrat
530 878 556 922 ct
572 871 711 937 praesidiis
726 870 818 922 snserit.
852 870 967 922 rurum
985 872 1088 924 Amorii
1105 871 1236 924 adventus

127 938 274 990 mmoiatur.
318 936 478 991 Perticarum
494 948 662 1007 satraparum
681 941 759 990 oario
774 942 897 1005 sortuno.
932 941 1069 1002 Amnrinr,
1094 939 1193 1007 Lydiae
1211 949 1238 993 et

129 1006 220 1059 Ioniae
234 1006 498 1076 prunepnrettyuts
517 1011 655 1076 potentior.
692 1007 777 1060 Maris
799 1009 906 1076 irnperio
926 1011 1034 1077 potitur.
1062 1010 1239 1062 Cantaouceni

128 1078 228 1129 amicus
238 1075 416 1142 fidelissimus.
452 1077 517 1129 Eius
533 1079 715 1133 auctoritatem
732 1084 913 1146 oppugnatum
935 1080 1086 1145 tesensunu
1109 1095 1237 1148 mapsam

48 1191 56 1204 ,
127 1145 236 1197 classem
260 1152 383 1212 opporot.
432 1144 533 1198 Eodem
555 1147 658 1199 iubente
684 1147 754 1198 dorni
774 1153 900 1199 remanet.
959 1149 1037 1203 Vetus
1060 1149 1237 1200 Romanorum

50 1210 57 1235 ³
124 1216 253 1283 potentia.
289 1216 354 1267 Bius
374 1215 465 1284 imago
491 1216 620 1284 quaedam
636 1216 683 1267 suo
703 1217 885 1269 Cornacuseno
902 1217 1001 1273 oblata.
1035 1219 1100 1285 Spes
1117 1219 1181 1269 bello
1199 1218 1237 1269 oi-

127 1283 176 1336 ottt
192 1283 334 1336 comnotus
351 1284 407 1352 (7).
443 1284 742 1353 lnsperotrisuegrotot.
779 1288 929 1353 Apoenueus
941 1304 1042 1355 poem
1059 1295 1130 1339 metu
1145 1288 1174 1338 in
1191 1303 1237 1338 oo-

125 1354 231 1406 stelluns
255 1353 431 1421 Epilatoruns
453 1370 481 1406 se
502 1356 602 1421 recipit.
646 1354 801 1406 Patriarolo
821 1372 870 1421 pro
897 1374 926 1407 eo
951 1357 1024 1424 opud
1044 1357 1237 1422 imperatricem

127 1424 196 1491 agit.
234 1424 431 1492 Cantoosszenus
453 1423 609 1490 Byzantium
632 1425 710 1476 redit.
746 1423 919 1476 Patriorchae
933 1425 1133 1478 inconstantiam
1144 1423 1236 1479 ‘notit-

127 1492 175 1546 lus
190 1493 275 1545 cerlis
288 1494 413 1561 castigat.
449 1492 632 1545 iusiurandum
648 1493 743 1560 duplex
759 1493 793 1544 ab
812 1510 842 1546 eo
859 1495 953 1560 accipit
970 1495 1105 1548 horrendis
1118 1510 1236 1545 exsecra-

126 1561 240 1614 tionibus
255 1564 442 1628 confirmatum.
478 1562 591 1614 llursurn
615 1562 678 1614 urle
700 1563 845 1631 egreditur.
867 1564 1012 1632 ,Magnum
1033 1563 1158 1630 pecuniae
1181 1563 1235 1614 oim

122 1628 154 1683 'et
173 1632 255 1682 omnis
270 1633 375 1699 generis
392 1648 458 1684 ousa
474 1638 602 1700 exportat.
638 1631 738 1684 Earum
753 1649 842 1684 rerum
854 1648 924 1686 usus.
953 1634 1114 1700 Apronium,
1130 1648 1176 1683 suo
1190 1649 1236 1682 oo·

125 1701 199 1752 stello
216 1700 343 1764 inclusus,
372 1701 552 1761 &marmeno
573 1702 693 1753 insultat.
728 1700 816 1752 Huius
835 1716 984 1767 responsum
1007 1701 1064 1768 (8).
1106 1702 1237 1768 Apooauei

125 1769 269 1823 nouom·
284 1770 410 1822 detectus.
447 1771 606 1836 Deprehensi
623 1769 772 1835 diffidentia
792 1786 824 1820 ao
836 1773 917 1838 sugo.
952 1772 1092 1823 Consilium
1108 1771 1141 1822 de
1158 1771 1235 1822 inuo-

37 1830 44 1841 ³
126 1838 211 1892 dendo
229 1839 344 1905 imperio.
381 1841 435 1889 Are
458 1837 631 1905 Epiloturum
654 1838 769 1889 omnibus
784 1838 860 1890 relus
877 1839 911 1890 ab
930 1856 959 1892 eo
976 1843 1113 1893 instructo.
1149 1840 1235 1907 lmpo-

124 1908 222 1960 satoris
238 1906 354 1972 defuncti
370 1906 493 1958 iudicium
511 1905 544 1956 de
562 1921 595 1956 ea
611 1921 671 1956 oros
689 1912 715 1956 et
733 1905 767 1957 de
783 1906 839 1957 eius
856 1908 996 1961 conditore.
1024 1910 1235 1961 Cuntoeucenurn

125 1994 182 2030 sero
197 1977 329 2042 poenitet,
354 1975 422 2042 quod
439 1976 509 2027 iltius
526 1974 559 2026 do
577 1990 606 2024 eo
624 1973 758 2025 mandatis
780 1991 833 2025 non
853 1979 982 2041 paruerit.
1019 1978 1190 2029 Patriarolius
1206 1979 1235 2029 in

128 2047 337 2099 Cantaeuzenum
351 2044 474 2111 pevtdia.
508 2042 635 2094 Eiusdem
651 2042 739 2108 osjiela
757 2058 823 2111 erga
839 2046 1023 2110 Apoeoueuns3
1048 2062 1124 2112 quern
1143 2048 1234 2098 olluto

124 2114 282 2183 impunitate
299 2130 330 2164 er
347 2130 408 2165 oros
425 2118 524 2165 evocat,
558 2114 710 2178 Apocoueus
729 2111 908 2163 Cantnoussso
928 2114 1031 2164 cloiam
1046 2114 1142 2179 prodit.
1181 2116 1235 2165 lni-

122 2183 251 2253 psratorii
272 2182 382 2234 lennes
404 2182 464 2234 lenio
487 2181 570 2234 delati
587 2182 616 2233 in
632 2180 842 2233 salutationibus.
882 2180 961 2233 Multi
977 2188 1007 2234 ut
1024 2185 1189 2248 Apoeauoum
1205 2184 1235 2235 in

123 2254 229 2306 vincula
246 2251 366 2304 coniiciot
383 2251 539 2314 hortantur,
563 2249 610 2302 sed
627 2253 733 2316 srustro
757 2250 810 2318 (9).
845 2250 959 2302 Reverso
977 2253 1129 2319 Apoeaueo‚
1150 2251 1236 2319 putri-

124 2323 207 2376 arona
228 2322 300 2374 oitoe
323 2320 470 2373 institutum
492 2326 586 2372 mutat.
630 2318 663 2371 ln
682 2318 892 2371 Conteeusenum
908 2320 963 2386 ipss
980 2337 1078 2388 quoque
1094 2321 1234 2388 conspirat.

125 2392 233 2461 imperii
253 2398 446 2458 procuratorem
468 2407 496 2443 se
513 2389 634 2443 institnit.
670 2389 807 2456 Apoeaueo
824 2389 895 2442 urtis
909 2396 1104 2457 praefecturam
1121 2396 1148 2444 et
1164 2392 1234 2444 alios

123 2463 270 2534 dignitates
287 2464 395 2527 conseri.
432 2459 523 2512 Paetio
540 2459 605 2519 diris
620 2458 774 2511 iuramentis
783 2460 906 2524 firmato,
922 2476 955 2512 ne
969 2461 1167 2513 Cantoeuzenus
1183 2479 1234 2512 un-

123 2549 202 2603 quom
218 2530 367 2597 recipiatur.
391 2532 551 2597 Apooaneus‚
570 2528 673 2580 Oetooii
694 2527 815 2580 Caesaris
832 2530 964 2596 exemplo,
987 2530 1113 2581 nobilibus
1130 2531 1232 2582 curiam

121 2610 148 2655 et
165 2601 254 2654 ciuilia
270 2600 379 2668 negotia
391 2598 545 2660 committite
563 2596 657 2649 tellum
671 2598 721 2650 sibi
735 2598 814 2650 sumit
831 2598 1079 2653 administrandum.
1115 2599 1168 2652 Bes
1182 2601 1233 2652 od-

120 2688 211 2724 oersus
228 2671 436 2723 Controuzenuns
454 2686 471 2719 a
487 2666 642 2736 patrioreleo
658 2667 816 2735 designatae
841 2668 915 2736 (10).
951 2667 1083 2721 Factionis
1101 2668 1233 2722 Contaou-

119 2741 248 2794 senianas
270 2739 367 2790 noliles
390 2757 408 2790 o
427 2736 582 2807 potriorelso
606 2744 631 2789 et
650 2737 684 2788 uo
702 2741 839 2804 Apoeouco
853 2744 962 2805 potunt,
986 2756 1021 2792 us
1039 2755 1124 2791 seeum
1141 2739 1233 2790 durius

66 2808 68 2819 '
119 2817 228 2880 agatur.
262 2808 300 2860 Ili
314 2809 415 2876 plebem
432 2809 461 2860 in
479 2825 521 2859 eos
536 2806 657 2869 incitant.
688 2807 821 2859 Nobilium
832 2809 916 2875 suga.
942 2807 1040 2859 Eorum
1054 2809 1144 2859 domus
1157 2824 1232 2859 coer-

118 2896 182 2944 sae,
206 2880 275 2932 lona
291 2878 403 2946 direpta.
442 2875 618 2929 &ntamaeni
639 2892 739 2928 moeror
762 2882 788 2928 et
811 2878 941 2929 amietos.
979 2878 1077 2930 Tristes
1093 2876 1182 2928 nuncii
1198 2877 1232 2928 ele

117 2949 249 3001 snutrein
271 2965 401 3000 earcerem
417 2948 534 3000 coniecto
551 2947 662 3014 aliisque
677 2945 824 2999 domesticis
845 2947 971 2999 cladibus·
1004 2948 1060 2999 l'iri
1075 2946 1231 3001 constantia.

82 3028 96 3053 ⁸⁷
118 3017 238 3071 litterae
259 3017 347 3085 sigilio
370 3018 537 3087 imperatorio
560 3017 692 3077 munitas,
716 3032 765 3082 per
781 3031 847 3083 quas
864 3016 920 3082 ipse
938 3015 966 3067 in
982 3017 1100 3068 ordinem
1116 3017 1229 3083 cogitur.

117 3089 181 3140 Alia
199 3104 230 3140 eo
248 3088 308 3138 aliis
331 3089 429 3155 granu
446 3089 471 3139 ei
486 3086 622 3138 nunciato·
656 3085 767 3137 Animus
785 3085 852 3136 inter
869 3084 918 3135 has
935 3087 1074 3152 angustius
1092 3100 1186 3151 onceps
1203 3090 1230 3135 et

112 3160 255 3225 fluctuans.
293 3156 365 3207 Mors
386 3159 533 3218 intentata,
562 3156 615 3204 nisi
636 3170 664 3204 ss
686 3155 869 3219 imperatorem
892 3154 1005 3205 nutritori
1025 3153 1153 3221 potiatur.
1187 3151 1229 3203 Bo
1300 3195 1302 3197 ,

18 3250 25 3282 r
116 3233 253 3280 recusante
276 3225 344 3276 alins
365 3226 456 3277 statim
471 3223 636 3275 salutandus.
673 3221 830 3287 imperatris
849 3225 1019 3290 perlegatur
1042 3222 1229 3288 officiiadmo·

116 3297 175 3348 nita
200 3294 380 3347 contumeliose
396 3293 533 3361 respondet
550 3292 621 3359 (11).
658 3290 854 3342 Cantocusenus
871 3292 975 3359 imperii
992 3293 1109 3359 insignio
1125 3298 1229 3342 coaetus

116 3366 217 3429 induit,
233 3364 288 3415 iam
300 3364 361 3416 olirn
374 3365 424 3415 sili
435 3362 516 3413 uariis
529 3357 650 3428 auguriis
661 3359 797 3426 promissa.
833 3360 927 3413 Actum
945 3362 974 3413 id
991 3362 1034 3413 die
1046 3364 1116 3426 sesto
1134 3362 1160 3412 S.
1176 3360 1229 3410 De-

114 3434 210 3486 metrii.
247 3436 340 3485 Annae
358 3440 383 3485 et
401 3432 495 3483 loanni
509 3431 583 3498 prius
601 3429 743 3481 acclamari
759 3429 830 3481 iubet
846 3448 925 3499 ynam
943 3431 1000 3483 sibi.
1037 3429 1159 3496 Defuncti
1177 3430 1228 3480 im-

112 3502 244 3572 perotoris
260 3503 389 3555 mandato
406 3500 572 3554 nihilominus
589 3500 717 3550 olserout.
754 3498 843 3550 Tertio
858 3508 916 3567 post
934 3501 976 3552 die
989 3516 1132 3567 purpuram
1147 3499 1226 3550 eruit.

116 3575 184 3625 Turn
201 3572 262 3624 inde
279 3584 358 3640 uque
377 3572 413 3624 ad
430 3578 536 3638 captam
552 3568 641 3619 urbem
659 3568 725 3619 allis
741 3569 854 3620 vestibus
869 3571 961 3623 utitur.
999 3571 1100 3621 Causae
1118 3569 1172 3620 eius
1188 3566 1228 3619 rei

113 3648 169 3696 tres
186 3642 219 3693 ab
237 3658 266 3694 eo
284 3642 394 3695 allatoe.
431 3638 589 3692 Potriorolto
604 3644 629 3689 et
643 3639 802 3704 Apoeaucus,
820 3655 888 3690 nouo
903 3640 1079 3691 Cantacureni
1095 3637 1229 3705 dignitato

113 3712 224 3776 audita,
248 3718 278 3764 ut
295 3728 322 3763 se
341 3711 478 3780 gesserint.
514 3709 590 3761 Duae
608 3708 679 3774 apud
697 3706 856 3772 Byzantinos
873 3710 1005 3774 factiones
1028 3707 1228 3760 diversissimae.

114 3781 338 3834 Cantoouseniani
355 3781 524 3832 anathemate
540 3777 660 3845 perculsi.
699 3776 809 3829 lrritoto
831 3779 914 3845 plebis
937 3777 1059 3831 oudoda.
1096 3776 1229 3829 Cantueu-

113 3852 173 3904 seni
188 3851 327 3902 cunetatio.
363 3850 487 3902 Eiusdem
504 3848 594 3916 copiae
613 3845 747 3898 militares.
784 3845 945 3915 Legationes
958 3847 1065 3898 subinde
1081 3847 1114 3898 ab
1131 3864 1160 3898 eo
1174 3847 1229 3912 By-

112 3921 230 3973 aantium
247 3920 350 3972 missae.
377 3920 514 3972 Postulato
525 3917 666 3985 aequitatis
675 3914 763 3982 plena.
787 3915 911 3982 Byzantii
923 3918 1119 3984 implacabiles,-
1137 3923 1228 3983 operte

113 3997 141 4043 et
157 3991 225 4042 olom
243 3988 349 4050 exitium
367 3989 392 4042 ei
409 3989 557 4042 moliuntur.
594 3985 674 4038 Multi
692 4000 705 4035 e
722 3984 777 4036 suis
792 3987 867 4038 illurn
884 3995 914 4040 ut
928 3987 1043 4038 desidem
1059 3994 1085 4039 et
1100 3987 1227 4054 ignauum

113 4059 243 4113 deserunt.
280 4059 474 4112 commeatuum
490 4057 588 4125 inopie.
630 4055 723 4106 Hiems
740 4057 892 4122 asperrimo.
924 4056 1043 4110 Litterae
1056 4073 1074 4108 a
1088 4053 1226 4122 Byzantiis

112 4129 271 4197 interseptae
288 4129 360 4198 (12).
398 4129 507 4181 loannes
526 4124 700 4193 Poloeologus
723 4122 766 4175 die
791 4143 843 4177 non
863 4129 936 4192 festo
957 4135 1065 4194 proeter
1087 4139 1184 4176 rnorem
1205 4137 1224 4171 a

109 4198 266 4266 patriarcha
282 4207 428 4253 coronatur.
461 4198 495 4250 ld
517 4196 606 4251 statim
627 4201 687 4262 post
709 4192 875 4259 imperatoris
898 4204 1005 4261 mortem
1022 4195 1121 4247 maiore
1139 4206 1224 4258 oppa-

111 4275 175 4320 rotu
183 4269 249 4336 fieri
263 4267 381 4325 ortuum
394 4270 602 4328 *Cantuousenun
617 4262 773 4332 patriarolsa
786 4263 966 4331 prohibuerat.
1001 4266 1092 4318 Nouus
1109 4262 1224 4327 impera-

111 4342 155 4391 tos
169 4338 198 4391 in
215 4338 341 4393 oetlrereo
354 4338 454 4411 palatii
470 4337 591 4392 aedicula
605 4351 664 4412 per‘
671 4335 801 4389 solennem
818 4330 960 4404 noinoyw
976 4335 1060 4390 denuo
1074 4332 1223 4399 inaugura-

616 4435 632 4467 ff
