2760 5176
483 697 848 772 εααοειτιοαιιε.
1128 669 1229 768 ίαιε

71 851 150 922 οῦτι
170 805 318 938 ἐδόξαμεν
337 860 402 933 τοῖς
422 862 560 936 πολλοῖς,
588 851 663 923 ῦλλῦ
683 856 736 922 καλ
758 849 951 966 δύσχρηστοι
959 853 1053 922 πλέον
1067 851 1138 944 παρ’
1153 855 1228 925 ὅσον

71 941 130 1006 καὶ
152 939 365 1024 εὑρισκόμεθα
396 943 448 1008 καί
470 941 510 1026 δή
531 939 607 1026 πρῦς
627 950 691 1019 τοῖς
712 941 814 1018 ἄλλοις
835 938 882 1018 οίς
901 940 955 1006 καί
975 946 1228 1022 προσονειδίκασι

70 1049 108 1090 το
100 1023 165 1091 ἐν
187 1026 351 1110 ῦπακρίοει
379 1031 523 1109 βιοῦντας
548 1028 645 1109 ήμοῖς,
678 1025 751 1093 οῦδέ
779 1024 856 1092 κατῦ
883 1033 939 1108 τῆς
960 1027 1048 1112 ῦγίας
1068 1025 1162 1093 καλ’
1142 1055 1226 1112 αμα·

72 1104 287 1302 ααυίς
302 1115 874 1306 εἰακναιιιιέφίευι
896 1108 1227 1304 ιῑιιγιιλτῑα

136 1279 314 1368 δικαιοσύνη
345 1303 400 1348 σου
428 1280 661 1391 αντιμίτρησον
693 1283 788 1364 καλή
809 1285 950 1390 ῥομφαία
969 1277 1071 1347 αῦτεῖν
1093 1283 1226 1348 εἰσέλθοι

70 1287 195 1441 εέζτῦς
215 1370 341 1474 καρδίας
362 1362 482 1446 αῦτοῖν,
506 1371 535 1433 εί
546 1364 603 1451 ἐγῦ
617 1367 668 1434 ἐπί
682 1367 715 1433 σέ
736 1363 950 1471 ἐπιρδίφην’
929 1365 991 1433 απῦ
1007 1365 1151 1472 γαστρός·
1173 1370 1227 1434 καί

72 1457 196 1533 μᾶλλον
211 1460 275 1528 τοῖς
296 1450 417 1534 περί
384 1479 437 1518 τον
455 1417 606 1562 ῦύκωβον,
631 1461 695 1530 τοῖς
716 1450 876 1559 ίττοιρᾶτοις
899 1454 951 1518 καί
971 1479 1073 1534 παντη
1095 1463 1225 1518 θεοστυ-

71 1537 172 1638 γέσιν·
195 1539 227 1601 οἳ
246 1537 300 1600 καί
321 1535 462 1621 καθάπερ
485 1533 729 1647 ῦπεχθανύμευοι
749 1545 791 1602 τῦ
812 1537 863 1604 ἐπλ
884 1535 1009 1603 πάντων
1029 1544 1105 1626 θεῷ,
1128 1542 1226 1603 δικαι-

72 1615 189 1684 ύσαντι
209 1622 305 1686 καὶ
266 1628 366 1726 ημᾶς
392 1619 600 1688 καλεῖσθαι’
580 1620 640 1688 αιτῦ
664 1603 815 1708 Χριστοῦ,
845 1623 897 1686 καί
924 1620 967 1705 μή
997 1604 1158 1706 έχοντες”
1139 1649 1225 1702 οπως

70 1703 232 1770 ἐκεῖνον’
212 1704 397 1810 αμύγονται,
425 1705 501 1772 κατὰ
522 1713 577 1814 τής
599 1711 687 1816 ίερῦς
710 1711 829 1774 ἐκείνου
850 1712 1039 1818 θεανδρικής
1060 1710 1112 1772 καὶ
1133 1729 1226 1794 προσ·

69 1797 206 1872 κννητής
227 1787 357 1870 είκύνος,
379 1799 433 1872 τῆς
451 1791 687 1876 ἐρημωσεοις
649 1819 687 1857 τα
708 1789 914 1877 βδελύγματα,
938 1820 961 1858 οι
983 1819 1045 1898 τριν
1067 1794 1149 1876 έμῦν
1171 1819 1225 1860 κα-

68 1881 153 1956 κοῦν,
173 1877 315 1958 λυττήσὰι
336 1873 394 1942 οῦκ
413 1879 551 1961 ἐφριξαν,
572 1877 646 1983 πρὸς
668 1877 702 1943 δέ
722 1879 775 1942 καί
795 1884 850 1959 τής
869 1874 1083 1984 παναχρύντρυ
1105 1881 1224 1944 δεσποί·

69 1985 128 2041 νης
150 1960 238 2069 ημῶν
258 1959 420 2041 θεοτῦιιου,
441 1965 494 2026 καί
508 1969 565 2034 τοῦ
577 1960 677 2028 τύπον
696 1971 752 2028 τοῦ
774 1967 863 2028 θείου
884 1964 936 2026 καί
959 1961 1118 2072 ζωηφόρον
1135 1983 1224 2027 σταν-

69 2051 138 2129 ροῦ.
165 2041 208 2109 δι’
230 2043 284 2123 οῦς
304 2047 357 2111 καλ
379 2043 522 2131 α’νῦθεμα
542 2055 638 2113 τεοῖσιν
659 2050 820 2132 αίρετιιιοῖς
839 2045 979 2158 ἐκβορῖ’
959 2047 1020 2115 απῦ
1041 2054 1120 2113 θεοῦ
1140 2073 1224 2112 παν-

67 2125 304 2242 τοκγήτορος,
290 2133 343 2198 καί
364 2130 673 2244 χριστιανοκατηγῦρφ
694 2133 801 2211 παντί,
823 2139 868 2218 τοῦ
889 2159 930 2215 μη
920 2129 1113 2215 ῦξιοχρίως
1137 2157 1223 2240 μετα.

67 2235 225 2296 νοησαντι.
254 2215 305 2282 διαί
325 2224 421 2298 ταῦτα
441 2219 495 2284 καί
514 2225 570 2302 της
583 2219 672 2328 ῦμῦν
693 2220 750 2298 (δία
766 2220 934 2298 legendum,
949 2241 1009 2281 non
1017 2215 1129 2326 ἤμων)
1144 2215 1222 2330 ίιρύ-

66 2325 158 2384 τητος
177 2302 300 2408 δέομαι,
329 2329 371 2386 μη
364 2301 479 2387 πρδς
504 2301 693 2413 ἐμποδισμῦυ
714 2305 857 2408 ἐνστήναί
870 2328 964 2382 τινα,
987 2298 1026 2369 δι’
1047 2327 1141 2368 αυτον
1166 2302 1222 2370 τῦν

68 2380 263 2468 Χριατῦν’“
244 2412 292 2452 οτι
306 2387 389 2495 μηδὲ
410 2387 539 2454 δυνατὸν
562 2388 634 2454 ῦλλο
656 2414 686 2453 τι
706 2393 860 2473 φρονῆσαι
882 2384 996 2473 οἷπύρτι
1017 2387 1115 2472 ήμῦς,
1144 2389 1174 2454 εί
1191 2415 1221 2454 τι

65 2472 122 2536 καί
143 2469 323 2580 γίνοιτο·
305 2498 352 2538 οτι
372 2474 424 2538 καί
440 2471 524 2584 γήρρα
543 2476 595 2538 καί
616 2470 763 2563 οἷσθενείρι
789 2480 1056 2581 ταλαιπωροῦντες,
1076 2469 1208 2538 0666'
1167 2499 1221 2538 αυ-

65 2553 159 2620 τῦ
122 2580 157 2620 το
180 2556 258 2643 ῦρηῖν
280 2557 394 2664 ἔχομεν.
428 2557 503 2628 ῦλλῦ
522 2557 643 2644 πρόσιτε
664 2540 753 2637 οίξιῦ
760 2566 806 2648 τςῦ
817 2560 901 2668 α’γίρι
925 2585 985 2642 μου
1007 2555 1218 2642 αῦτοκρῦτορι,

67 2621 286 2748 ἐκδασωπήσαι
307 2639 450 2709 κακεῖνον
469 2643 547 2729 ῦπέρ
569 2647 583 2712 ί
584 2651 659 2727 μοῦ,
691 2626 827 2710 πλέον’
805 2640 950 2709 αιτῦντοιν
978 2649 1034 2728 τῆς
1060 2644 1220 2726 ἐκκλησίας

64 2723 127 2809 τήν
149 2727 298 2810 μέριμναν
318 2727 469 2810 τρέφοντι,
492 2739 664 2835 συγκροτεῖν
686 2731 871 2808 ἐξαιτοῦντες
891 2730 943 2794 καί
959 2729 1134 2835 συντρέχειν
1142 2729 1219 2836 ύμῖν

66 2811 227 2890 ἐνπαντί,
250 2813 303 2877 καί
323 2820 438 2896 μᾶλλον
459 2816 502 2890 είς
523 2813 649 2923 ἐρεύνης
669 2822 876 2921 πνευματικῆς
897 2810 1097 2896 ῦναζήτησιν·
1120 2813 1161 2888 69
1178 2811 1218 2879 ῦν

64 2892 119 2962 τδν
141 2895 290 2981 ῦρμύδιον
317 2907 383 2974 ταῖς
409 2899 567 2983 ῦμετίραις
595 2895 696 2982 εῦχαῖς
722 2902 915 3006 καταπέμψαι
937 2906 978 2987 νή
1002 2903 1118 2986 ποίμνη
1142 2904 1217 2977 Χρι-

63 2977 152 3061 στῦς,
175 2984 228 3058 είς
238 2983 400 3062 ἐπίσκεψιν
422 2983 526 3092 ἰτρίων
546 2987 599 3049 καί
627 2983 834 3086 μαναζόντων,
863 3011 916 3049 και
940 2990 1019 3049 λαοῦ
1038 2979 1219 3064 Χριστωνῦ·
1251 2997 1255 3004 “

63 3089 156 3170 μου
149 3072 205 3132 τοῦ
223 3063 406 3151 σύμπαντος
432 3066 507 3153 πρὸς
528 3069 562 3134 δέ
582 3067 716 3148 τούτοις,
747 3068 867 3136 ἐπεί“
832 3095 885 3134 τον
907 3069 941 3134 ἐν
962 3069 1042 3176 μίσηι
1065 3066 1146 3142 είκῦς
1167 3068 1216 3132 εῦ-

63 3146 249 3236 ρισκῦμενον
268 3154 323 3218 καί
342 3160 450 3218 λυπεῖν
468 3154 521 3218 και
542 3160 705 3220 λυπεῖσθαι
725 3153 809 3238 παροὶ
830 3179 937 3232 τινων,
966 3151 1039 3228 τοῦς
1059 3149 1215 3258 λυπήσον-

60 3261 120 3312 τας
133 3232 358 3346 ὁπωσδήποτε,
387 3239 440 3302 καλ
465 3236 540 3315 τοῦς
558 3239 610 3346 ῦφ
615 3236 736 3323 ’ήμῦν
762 3239 968 3321 λυπηθέντας,
1001 3234 1215 3346 συγχωρήσαις

61 3316 190 3399 αἲξιῦσει
210 3330 281 3404 (pro
301 3319 453 3428 ρῖξιῦσειε)
474 3324 527 3387 καλ
537 3319 739 3426 ῦμφοτίρονς
761 3325 780 3390 6
800 3322 907 3389 ἐπὶ
872 3350 906 3388 το
930 3330 1025 3388 σῦσαι
1046 3321 1079 3387 τῦ
1103 3319 1214 3386 πλύνα-

60 3425 127 3489 αμα
147 3404 375 3514 φιλανθρώπως
392 3404 648 3493 παραγενόμενος,
670 3409 722 3473 καί
742 3417 885 3486 κρατυνεῖ
904 3405 974 3492 (μιν
989 3405 1159 3490 κρατῦνειε)
1174 3405 1212 3472 τῦ

60 3498 128 3556 ταῖν
148 3487 334 3576 α’ρθοδύξοιν,
358 3495 409 3558 καί
431 3499 594 3600 σκαιωρίας
614 3493 814 3579 περιφυλιὶξοι
835 3497 982 3570 παντοίας
1002 3493 1054 3556 καί
1049 3491 1212 3598 ποιμένας

58 3578 118 3644 καὶ
137 3581 275 3681 ποίμνια,
298 3576 409 3655 ἴως’
375 3604 433 3661 την
452 3585 513 3683 χήν
534 3579 551 3646 6
571 3577 657 3662 ἥλιος
676 3581 785 3683 ἐφορᾷ,
806 3582 979 3681 πρεσβείαις
999 3573 1146 3680 οἷλήιιτοις
1156 3584 1212 3660 τής

59 3659 122 3728 τῦν
139 3659 230 3746 ήλιον
248 3670 305 3745 τῆς
334 3663 532 3745 δικαιοσύνης
562 3660 785 3769 οωματωσύσης
807 3661 891 3730 θεόν.
939 3671 1008 3737 Τοῖς
1038 3657 1212 3746 ἱερωτάτοις
1244 3677 1256 3704 ·

60 3744 233 3858 ἆρχιερεῦσι
253 3755 341 3828 θεοῦ,
363 3749 415 3813 καὶ
434 3758 498 3825 τοῖς
517 3747 722 3828 ἐνδοξοτάτοις
742 3757 806 3826 τοῖς
826 3755 881 3832 τής
902 3746 1069 3852 συγκλήτου
1087 3751 1210 3830 βουλῆς,

59 3834 117 3898 και
136 3841 200 3908 τοῖς
221 3831 424 3917 ἐντιμοτάτοις
444 3841 501 3900 τοῦ
520 3832 635 3919 κλήρου
664 3836 777 3917 ἱερεῦσι
804 3835 855 3900 καί
884 3830 1063 3916 μονῦζουσι,
1092 3841 1156 3908 τοῖς
1178 3857 1211 3898 τε

60 3920 310 4027 στρατευομένοις
343 3921 395 3984 καί
423 3929 487 3997 τοῖς
513 3927 568 4000 τῆς
588 3923 754 3998 πολιτείας,
784 3923 941 3995 πλουσίοις
960 3943 992 3984 τε
1011 3920 1064 3984 καί
1084 3917 1211 4026 πενομέ-

58 4028 144 4082 νοις,
165 4006 216 4070 ιιαί
234 4001 367 4111 ῦνῦρῦσι
387 4007 440 4071 καὶ
461 4006 596 4090 γυναιξί,
623 4011 698 4070 ποῖοι
721 4009 867 4114 διηνεκοῦς
887 4013 1083 4114 χορηγεῖσθαι
1101 3999 1136 4070 τῦ
1152 4005 1210 4068 τοῦ

58 4095 141 4154 θεοῦ
169 4088 333 4173 ἐπεύχομαι
361 4092 457 4166 ἐλεος·
496 4088 559 4155 είτα
588 4093 641 4156 καί
668 4097 762 4156 πᾶσιν
790 4087 955 4173 α’ντιβολοῖ,
985 4087 1028 4173 μή
1057 4087 1099 4164 τίς
1125 4089 1210 4169 ἐτυχε

56 4182 339 4280 προσταλαιπωρεῖν
359 4181 531 4252 κοπιῦντας
575 4170 686 4265 ἐνή
662 4170 910 4280 ήπαροικοῦμεν
924 4176 1054 4342 ἐσχατιᾷ,
1076 4179 1180 4342 τήςειν
1148 4179 1209 4238 Σο·

58 4263 137 4340 φίας
157 4266 239 4324 θεοῦ
259 4258 404 4324 ἐποίνω”
362 4287 486 4370 ορονς
497 4285 565 4344 κειμ
544 4287 646 4344 μ,νης
666 4263 719 4326 καλ
739 4256 955 4370 τηλαυγούσης
961 4259 1045 4342 τῆς(
1046 4255 1180 4342 τοῦς)ἐν

55 4370 112 4410 κεν
135 4351 293 4428 φωτισμοῦ
314 4343 390 4428 πρὸς
410 4343 508 4451 αῦτήν
531 4347 750 4458 ἐπιτρέχοντας·
772 4344 858 4454 πλήν
868 4343 955 4410 καί
933 4369 1007 4426 υμιν
1028 4344 1102 4454 (υοιι
1097 4281 1209 4450 ήμῖῦ)

56 4427 294 4532 σίντιμετρηθείη
323 4429 397 4514 πρὸς
425 4451 486 4496 του
469 4431 606 4535 τής’
586 4431 735 4581 αγύπηςέ
729 4439 810 4510 θεοῦ
840 4429 915 4497 ῦσον
940 4431 992 4495 καί
1020 4424 1064 4494 δι’
1085 4423 1209 4514 ῦγαπην

54 4513 274 4594 κεκοπιάκατε,
297 4516 348 4580 καλ
370 4513 433 4622 ή’
412 4511 598 4623 αγτρίμειψις
617 4515 735 4620 α’μφοτέ
736 4543 811 4620 ροις
820 4516 1036 4624 δαψιλευθείη·
1069 4512 1135 4578 ίπελ
1154 4511 1208 4576 καλ

53 4601 146 4682 ήμεῖς
166 4607 210 4688 τῷ
230 4599 343 4682 περί
321 4607 402 4683 υμᾶς
425 4597 523 4665 α’λύτω
534 4599 749 4713 συνδαύμενοι
770 4599 879 4710 πόθῳ,
902 4596 957 4682 ούχ
981 4599 1023 4674 69
1043 4599 1126 4680 ἐτυχι
1149 4601 1208 4660 διε-

55 4669 210 4768 στήσαμεν
229 4683 342 4765 αύτούς
361 4666 542 4770 (αῦτοῦς)’
522 4685 582 4769 αφ’
606 4687 701 4771 ῦμῦν.
727 4682 794 4754 ἀλλ’
817 4684 861 4765 669
880 4711 941 4754 που
959 4711 976 4752 ο
966 4679 1208 4772 μιγαλυφαινύ·
