2724 5168
206 105 284 184 714
509 113 744 186 NIOEPHORI
768 113 1010 184 GREGORAE

43 301 69 348 t.
84 295 117 348 u.
131 290 252 374 domnii
267 280 369 370 μέτρῳ
392 277 614 366 κραταιοτέραν
630 276 796 365 ποιοδσης,
824 284 892 356 πῶς
905 277 942 346 ori
958 277 1183 365 θεσμηνίας-ιλν
1195 278 1239 368 ἐἴη
1249 305 1361 347 σαν·

75 370 127 422 Μ
140 369 174 422 ¹²
208 393 287 476 φοῦς
302 385 341 451 τὰ
356 387 389 449 iu
405 389 468 450 τῶν
481 381 653 468 τοωδτωνς
872 471 876 482 α

174 501 200 559 D
285 486 319 570 ξ.
341 487 437 554 Ἀλλὰ
458 487 519 572 γὰρ
540 484 601 552 ὅσα
621 509 654 572 γε
680 485 714 552 dx
741 489 865 551 πολλῶν
889 489 953 550 τῶν
979 484 1059 570 πρδς
1081 483 1164 570 ἡμᾶς
1187 493 1242 570 τῆς
1255 493 1307 552 τοῦ

206 597 285 660 θεοῦ
300 586 529 679 φιλανθρώπου
545 592 597 655 καλ
610 591 730 666 δικαίας
745 587 838 674 ὀργῆς
854 589 987 672 σημείων
1004 585 1217 674 ίρανισιίμενοι
1237 593 1308 675 τῇδε

203 703 244 784 τῇ
261 697 382 784 ἱστορίᾳ
396 689 615 781 συνυφάναμέν
629 717 662 758 τε
677 695 727 760 καλ
746 698 999 778 συνυφανοῦμεν,
1025 693 1051 756 ελ
1066 694 1118 777 ζῇν
1133 689 1206 775 ἡμῖν
1219 693 1361 775 itum!

202 796 322 886 μεγάλα
338 797 395 881 μέν
408 821 475 872 πως
489 794 602 874 δόξειεν
617 793 656 861 ἂν
672 805 736 872 τοῖς
750 821 782 860 τε
795 801 850 860 νῦν
865 791 978 881 δρῶσιν
999 791 1122 859 ἅπανθ’
1153 791 1233 878 δμοδ
1259 795 1317 860 καί,1

202 913 269 979 τοῖς
293 899 388 967 ἔπειτ’
409 899 647 981 ἐπευξαμένοις,
676 902 727 963 καί
749 894 800 964 οἷα
820 895 913 982 μήπω
927 900 1006 984 πρίν.
1035 895 1119 980 ὅμως
1138 890 1229 981 ἦνᾶν
1245 923 1309 974 πως

204 1003 329 1092 φορητὰ
336 1053 346 1084 ,
370 1005 396 1068 εί
410 1003 455 1087 μὴ
474 1009 585 1082 πᾶσιν,
613 1001 685 1068 ἀλλ’
701 994 756 1068 οὖν
775 997 821 1077 οἷς
833 998 855 1084 ,ἢ
870 1007 933 1066 τῶν
954 997 1144 1085 πραγμάτων
1161 1002 1309 1067 ε’ντέθεικε

173 1115 296 1193 Euripo
311 1103 449 1188 σδνεσιν,
476 1109 528 1172 καὶ
543 1105 598 1184 οὓς
611 1102 631 1190 ἦ
646 1113 703 1189 τῆς
716 1112 821 1190 ψυχῆς
837 1101 978 1186 εὐλάβεια
991 1103 1120 1184 πέπεικε,
1148 1115 1217 1178 ταῖς
1232 1130 1310 1190 γρα-

204 1221 279 1299 φαῖς
293 1207 459 1294 ἑπομένους
466 1259 476 1289 ,
503 1211 609 1298 κυρίου
625 1211 766 1274 παιδείαν
780 1206 855 1274 εἶναι
875 1210 1005 1289 νομίζειν
1025 1210 1154 1274 καὶτῶν
1175 1205 1361 1292 ommi-1·

203 1339 273 1402 φων
298 1316 348 1380 καί
367 1310 524 1397 ὁμηλίκων
546 1315 678 1398 κηλίδων
701 1315 836 1399 ἰατρείαν
850 1311 935 1390 τινὰ,
963 1313 990 1375 εί
1004 1310 1049 1394 μὴ
1064 1312 1115 1376 καλ
1132 1308 1172 1374 τὰ
1187 1317 1244 1394 τῆς
1258 1313 1308 1376 έκ-

203 1418 331 1500 κλησίας
345 1414 478 1501 ναυάγια
493 1419 707 1499 προσετίθετο,
735 1418 786 1480 καὶ
801 1421 863 1480 τῶν
877 1411 971 1479 πάλαι
986 1413 1196 1497 κοιμηθέντων
1212 1437 1308 1480 σκαν-

203 1519 307 1588 δάλων
331 1519 493 1606 ἆρτιγενεῖς
521 1517 634 1604 δμοίως
657 1517 825 1604 ἐπεφύοντο
851 1524 960 1602 κῆρες,
993 1516 1132 1602 μακροδς
1156 1515 1308 1602 ὀλέθρους

201 1631 307 1708 ψυχῆς
338 1623 537 1710 ίπιφέρουσαι
564 1626 614 1688 καὶ
647 1623 749 1712 ῥᾷστα
772 1622 849 1706 πρδς
864 1621 1017 1696 ἀπωλείας
1033 1611 1196 1702 πυθμένας
1209 1646 1307 1685 κατα-

106 1729 414 1810 Μέδβαπτίζουσαι.
461 1726 531 1815 (Β.)
550 1726 644 1794 Ἀλλὰ
667 1724 786 1791 τούτων
806 1725 870 1789 ένια
893 1726 944 1789 καί
967 1720 1040 1811 ἡμῖν
1061 1723 1136 1788 κατ’
1159 1723 1361 1807 έπιτομὴνίὸ

201 1832 342 1895 ἐνταῦθα
360 1829 520 1906 λελέξεται.
548 1828 649 1894 πάντα
662 1829 722 1914 γὰρ
737 1826 815 1911 δμοῦ
833 1827 980 1907 διεξιέναι,
1008 1825 1084 1912 πρδς
1098 1825 1195 1910 ι’ίλλην
1210 1825 1305 1910 ἀσχο-

201 1933 361 2015 λουμένοις
381 1935 612 2018 πραγματείαν,
640 1929 748 2021 ῥᾴδιον
770 1931 825 1996 οὐκ
840 1929 880 1996 ἂν
896 1929 940 2014 εἴη
949 1978 960 2011 ,
987 1927 1129 2016 μέγιστόν
1148 1955 1181 1996 τε
1204 1927 1240 1994 δν
1255 1929 1307 2017 ἕρ-

200 2059 255 2120 γον
279 2038 330 2100 καὶ
357 2037 502 2119 μεγίστης
529 2032 674 2118 δεόμενον
705 2035 923 2120 πραγματείας.
960 2037 1010 2098 καλ
1035 2033 1235 2116 πρῶτονμὲν
1257 2035 1307 2097 ε’ν-

201 2143 309 2203 rosta
334 2140 450 2204 κείσθω
475 2135 609 2223 διήγημα
630 2145 692 2204 τῶν
715 2142 783 2223 περλ
805 2137 860 2203 τδν
873 2135 962 2202 Ἄθω
983 2135 1019 2201 ssi
1045 2133 1118 2222 δρας
1139 2137 1171 2200 ἓν
1185 2132 1307 2211 τούτοις

201 2237 382 2306 έαλωκότων
395 2253 460 2318 τοῖς
475 2241 849 2327 χρόνριςΜασσαλιανῶν
862 2242 913 2306 καλ
932 2241 1122 2324 Βογομίλων.
1158 2237 1226 2326 (Γ.)
1256 2235 1346 2304 Tdso

172 2352 233 2410 Βτε
245 2345 304 2430 γὰρ
321 2343 401 2409 sitio
415 2345 450 2410 τδ
470 2345 542 2432 ὅρος
558 2341 689 2421 iiddom
703 2342 924 2427 θαυμάζεσθαι
946 2341 1032 2419 ἄξιον
1048 2338 1122 2407 ἐἶναι
1143 2345 1231 2408 δοκεῖ
1236 2369 1314 2426 μοι,

199 2443 246 2514 ὅτι
263 2443 389 2544 τεπρδς
411 2447 488 2534 ἀέρα
511 2448 655 2540 κέκρατιιρ
678 2444 759 2512 πάνυ
779 2473 828 2514 τοι
849 2445 972 2532 εὐφυῶς
991 2448 1042 2510 καί
1059 2443 1106 2510 δτι
1126 2451 1227 2532 πολλῇ
1247 2471 1306 2510 τινι

103 2553 252 2619 medeci
268 2553 451 2640 παντοδαπῇ
465 2559 503 2639 τῇ
524 2549 601 2640 χλόῃ
616 2562 791 2636 κοσμεῖται,
817 2552 867 2617 καί
884 2547 1008 2637 σφόδρα
1031 2550 1199 2636 φιλοτίμως
1212 2551 1305 2616 εἰπεῖν

194 2745 723 2872 δλδδδλέλλλλῖδλλλλλλὶλ
736 2747 1078 2887 itffttntttttffl
1093 2745 1195 2812 ’Μ’
1212 2747 1305 2819 ‘³¹¹¹‘ffi

723 2857 731 2882 λ

263 2888 289 2940 7.
307 2887 429 2942 Sedenim
448 2905 563 2958 quaecum
582 2905 615 2940 ue
632 2905 664 2940 ex
678 2888 762 2941 multis
777 2888 837 2956 pias
850 2904 882 2940 ac
896 2887 982 2939 iustae
997 2886 1119 2938 adversus
1131 2901 1178 2937 nos
1186 2883 1237 2939 Dei
1251 2885 1305 2940 ira·

195 2955 306 3008 candiae
321 2957 395 3023 signa
409 2957 523 3026 undique
539 2907 647 3010 eoiiecta
663 2957 723 3011 huic
737 2956 860 3010 historiae
875 2955 1045 3018 intexuimus,
1063 2973 1094 3007 ac
1109 2971 1185 3024 porro
1200 2955 1305 3008 intexe-
1322 2955 1328 2964 ”

115 3049 117 3060 ·
195 3041 269 3087 mus,
287 3024 309 3076 si
327 3026 382 3077 vite
395 3027 469 3078 nobis
482 3029 573 3090 detur,
591 3045 623 3079 es
636 3025 720 3078 omnis
732 3025 823 3088 simui,
845 3033 896 3078 tum
915 3025 948 3076 iis
961 3025 1006 3094 qui
1023 3041 1089 3076 nunc
1103 3024 1209 3091 legunt,
1227 3041 1305 3094 quam

194 3093 228 3145 iis
244 3091 337 3162 quibus
356 3100 447 3163 postea
466 3102 617 3159 occurrent,
634 3112 727 3164 magna
740 3095 825 3148 videri
844 3094 947 3164 quidem
962 3095 1074 3163 possint,
1092 3101 1120 3145 et
1134 3093 1220 3161 quatis
1238 3097 1304 3146 nsc-

195 3167 271 3214 tenus
284 3162 362 3215 nulla.
397 3162 558 3216 Tolerabilis
572 3173 656 3218 umen
672 3164 855 3233 quodammodo
869 3165 970 3216 isthaec
982 3162 1101 3225 tuissent,
1119 3161 1207 3214 sinon
1220 3162 1304 3215 omui·
1338 3181 1341 3188 ⁴

194 3230 260 3293 bus,
277 3239 306 3283 at
316 3230 350 3282 iis
368 3231 466 3294 saitem,
486 3234 578 3301 quibus
593 3233 754 3304 prudentium
767 3234 824 3303 ipse
841 3250 925 3286 rerum
944 3249 1004 3284 usus
1017 3232 1164 3294 indidisset,
1183 3248 1214 3283 ec
1231 3247 1302 3284 mens

195 3306 272 3351 cauta
284 3299 384 3368 pariter
395 3309 423 3353 et
435 3301 559 3372 religiosa
571 3302 743 3371 percussisset
759 3303 800 3371 (id
816 3303 885 3372 quod
900 3301 980 3358 sacris
993 3299 1128 3370 scripturis
1140 3313 1303 3369 consequens

194 3369 256 3431 est),
272 3386 326 3421 eam
339 3387 397 3424 esso
410 3369 522 3424 divinem
535 3371 739 3454 castigationem,
753 3379 780 3425 et
792 3371 916 3442 quandum
930 3369 1010 3422 veluti
1023 3369 1170 3422 cosiitarum
1183 3376 1212 3421 et
1224 3385 1303 3422 coue-

193 3453 283 3490 varum
298 3438 372 3500 nobis
384 3440 536 3492 macularum
551 3441 714 3505 medsciumu3
731 3440 885 3504 tolerabilia,
898 3441 1011 3510 iuquam,
1021 3437 1065 3492 ills
1077 3438 1196 3501 tuissent,
1210 3438 1262 3490 nisi
1274 3443 1303 3490 et

193 3505 320 3560 ecclesiae
333 3509 472 3578 nsuirsgis
495 3510 529 3563 sd
544 3528 576 3563 ea
588 3509 654 3562 mais
668 3510 850 3573 accessissent,
867 3517 895 3562 et
911 3508 1050 3579 sopitorum
1065 3507 1160 3576 pridem
1175 3507 1302 3559 offensio-

89 3583 91 3586 '
191 3591 251 3628 uum
264 3575 398 3630 redivivae
411 3577 495 3631 denuo
508 3580 636 3632 excitatus
649 3579 758 3632 tuissent
770 3585 867 3648 pestes,
884 3578 1081 3630 funestissimam
1094 3576 1226 3628 animabus
1259 3593 1302 3629 er·

189 3644 283 3698 uiciens
297 3645 431 3711 allaturas,
447 3665 478 3700 εο
488 3647 609 3701 iscillime
622 3667 666 3701 ess
678 3649 705 3700 in
719 3649 866 3700 barathrum
883 3648 954 3700 exitii
968 3646 1140 3698 demersurse.
1167 3643 1232 3712 (ΙΙ.)
1239 3593 1300 3697 iio-

188 3729 247 3768 rum
259 3717 384 3784 quaedam
398 3733 414 3769 a
428 3716 502 3770 nobis
520 3735 622 3787 quoque
638 3718 817 3788 compendiose
830 3717 879 3769 hoc
892 3716 948 3769 ioco
962 3716 1085 3768 dicentur.
1121 3714 1217 3766 Omnia
1232 3716 1299 3768 enim

190 3782 264 3837 simul
282 3801 449 3854 percensere,
467 3802 525 3838 cum
538 3786 564 3839 in
580 3787 686 3839 alierum
705 3803 786 3840 rerum
802 3786 959 3838 tractatione
974 3801 1119 3846 versemur,
1136 3785 1214 3837 tacite
1229 3783 1299 3836 irsud
1344 3793 1348 3808 ⁵

189 3851 279 3906 fuerit.
315 3853 427 3907 Maxime
458 3856 536 3924 uippe
552 3873 583 3909 eu
597 3864 625 3909 et
636 3856 771 3926 permagni
784 3854 870 3924 operis
883 3873 926 3907 res
941 3863 988 3907 est
1024 3853 1180 3922 Acprimum
1193 3852 1298 3921 quidem

190 3917 284 3975 dicturi
301 3940 385 3976 sumus
404 3923 437 3976 de
478 3923 612 3978 asselianis
625 3935 652 3977 et
665 3925 820 3994 Bogomiiis,
838 3923 882 3993 qui
896 3923 947 3976 iilis
966 3924 1124 3994 temporibus
1139 3923 1212 3974 circa
1225 3938 1299 3973 mon-

189 3995 240 4044 tem
260 3993 328 4044 Atho
347 3993 501 4062 deprehensi
520 4000 586 4046 sunt.
629 3993 703 4059 (111.)
726 3993 831 4064 Alioqui
849 4009 910 4045 vero
929 4009 1000 4046 mons
1024 3993 1105 4044 Athos
1125 3989 1298 4043 admiratione

188 4058 281 4142 dignus
296 4079 354 4113 esse
367 4061 429 4114 mitri
442 4064 562 4127 αἰδοίοις
580 4070 634 4115 tum
647 4064 709 4132 quia
723 4063 792 4115 aeris
802 4062 925 4129 temperie
937 4062 1035 4114 fruitur
1048 4061 1123 4130 piane
1139 4058 1224 4123 tetici3
1245 4069 1297 4110 tum

186 4144 248 4197 quta
259 4129 393 4185 herbarum
405 4131 434 4184 ri
450 4151 481 4188 ac
492 4132 621 4187 varietus
637 4132 717 4186 mitta
729 4139 834 4186 ornetur
850 4147 947 4196 eorum,
963 4131 1010 4202 qui
1024 4131 1060 4184 ibi
1075 4136 1221 4192 versantur,
1237 4144 1297 4180 sen-
