2706 5160
146 663 222 736 606
483 668 988 740 Nlcsuuomcuucousss

39 850 56 902 Ι.
71 833 254 924 sessionum
275 831 487 922 ἐρηρεισμίνον
509 828 703 921 φρικώδεσι,
739 834 870 917 μηδαμῆ
897 858 972 899 ποτε
996 832 1258 916 Καντακουζηνδν

39 922 70 972 ¹⁴¹·
82 925 116 975 ¹⁰
151 940 370 1018 εἴσδίξιισθαι,
396 934 454 1002 κάν
475 943 582 1002 ’πᾶσαν
607 927 629 1024 ᾖ
652 931 818 1018 μετάνοιαν
833 936 1023 1020 ἐνδεδειχώς,
1049 934 1109 1001 κάν
1123 935 1258 1021 ἀγγέλων
1277 983 1285 1000 ι

147 1039 291 1130 μεσιτεύγγ
311 1065 358 1117 τις
375 1041 407 1118 ἐξ
424 1039 568 1127 οὐρανοῦ.
623 1037 691 1129 (Γ.)
720 1044 832 1104 Ταῦτα
854 1039 1039 1126 ἀμφοτέρων
1053 1035 1149 1104 ἐδόκει
1163 1038 1259 1103 τάπι-

148 1143 335 1232 τηδεύματα.
363 1136 444 1227 ἦσαν
465 1142 499 1208 δ’
517 1139 561 1219 ῶς
574 1140 704 1226 άληθῶς
724 1148 781 1226 τῆς
794 1149 850 1208 τοῦ
862 1139 1053 1208 Ἀποκαύκου
1070 1137 1257 1225 δεινότητος.

148 1245 369 1336 ιύνειροπόλησε
389 1245 449 1332 γάρ
469 1245 566 1322 εὐθὺς
583 1241 642 1331 (ῶς
663 1244 794 1331 εἴρηται)
819 1248 997 1328 βασιλείαν,
1031 1236 1070 1329 ἧς
1086 1246 1119 1310 ἐκ
1138 1248 1281 1310 πολλοῖιό

120 1355 364 1439 Εσπερματικῶς
379 1345 574 1436 ἐνεφύτευσεν
586 1349 655 1432 ὐχνη
671 1347 740 1413 τινά
757 1354 910 1434 λογισμῶν
932 1355 972 1435 τῇ
992 1354 1100 1435 ψυχῇ·
1127 1347 1259 1432 κάπειδὴ

147 1467 216 1531 ταῖς
231 1461 294 1520 τῶν
307 1449 402 1518 πάλαι
414 1454 532 1535 βίβλων
547 1452 699 1538 ἱστορίαις
717 1452 919 1539 ἐνδιατρίβων
933 1444 972 1537 ἦν
985 1451 1024 1517 τά
1039 1449 1197 1535 μάλιστα,
1226 1453 1261 1527 ἐς

146 1555 271 1642 μνήμην
295 1547 368 1640 ἧκεν
388 1554 554 1638 Ὀκταβίου
573 1556 738 1640 Καίσαρος
768 1558 826 1621 τοῦ
847 1551 1055 1641 Αὐγούστου,
1097 1557 1149 1620 καί
1179 1554 1260 1640 πρὸς

52 1686 84 1739 p,
90 1685 144 1742 ³77
151 1663 264 1726 ἐκεῖνον
287 1655 465 1742 λεληθότως
486 1658 578 1744 ἀνῆγε
597 1657 658 1742 τὴν
674 1658 813 1741 μίμησιν.
850 1661 902 1724 καὶ
922 1659 981 1745 γάρ
996 1657 1150 1737 κάκεῖνος,
1177 1657 1260 1740 μετὰ

146 1764 183 1830 τὸ
196 1768 339 1828 καθελεῖν
352 1761 406 1828 τόν
421 1769 478 1845 τῆς
493 1758 658 1847 ἡγεμονίας
673 1758 974 1848 ἐφεδρονἎντῶνιυν
987 1759 1054 1844 ἅμα
1067 1757 1258 1851 Κλεοπάτρα
1269 1769 1303 1824 1⁰

143 1873 184 1954 τῇ
201 1866 361 1956 Αίγυπτίρ
369 1913 381 1947 ,
408 1864 464 1931 οὐκ
478 1864 580 1941 άλλως
597 1860 736 1946 ἐνόμισεν
753 1860 967 1939 ἀνυπεύθυνος
984 1861 1187 1950 αὐτοκράτωρ
1201 1871 1261 1948 τῆς

145 1969 219 2053 ὅλης
242 1969 340 2054 ἀρχῆς
365 1974 573 2053 καταστῆναι,
608 1965 629 2050 ἢ
653 1966 690 2032 τό
712 1972 768 2050 τῆς
788 1972 906 2051 βουλῆς
921 1966 1121 2052 συγκλητικόν
1136 1966 1261 2049 ἀξίωμα

145 2068 356 2158 συγκαθελῶν.
384 2068 460 2138 ὅθεν
490 2075 658 2157 συγχωρῶν
683 2069 806 2146 ἐκείνοις
826 2069 998 2136 τούλσττον
1024 2072 1198 2155 ἐκαρποῦτο
1221 2069 1259 2136 τδ

145 2177 248 2259 μεῖζον
272 2174 328 2241 ὐεί.
342 2173 392 2239 4τδ
414 2175 448 2240 δέ
467 2167 522 2258 ἦν,
558 2172 674 2248 αὐτσύς
694 2173 751 2255 μέν
764 2172 796 2239 ἐν
820 2180 859 2260 τῇ
870 2170 973 2261 Ῥιόμῃ
988 2173 1186 2257 καθημένους
1194 2172 1261 2248 ’τάς

122 2280 239 2355 Βδίκας
255 2288 323 2353 ταῖς
338 2272 444 2343 πόλεσι
459 2276 611 2359 διανέμειν
618 2323 630 2357 ,
657 2277 709 2340 καὶ
723 2271 781 2350 τάς
796 2300 829 2360 γε
844 2283 907 2341 τῶν
923 2273 1094 2362 ἐπιτρόπων
1112 2275 1259 2362 ὐρχαιρε-
1268 2279 1303 2336 15

146 2384 236 2461 σίας,
265 2378 368 2464 ῶσπερ
392 2377 454 2444 άπδ
480 2381 594 2466 δίφρου
617 2378 669 2442 καὶ
690 2374 851 2460 δυνάμεως
871 2379 1073 2463 αὐθεντικῆς·
1109 2378 1205 2444 αὐτόν
1226 2380 1262 2445 δέ

146 2490 211 2550 τῶν
235 2507 267 2547 τε
290 2481 500 2567 ἠπειρωτικῶν
523 2483 575 2546 καὶ
598 2486 749 2546 ναυτικῶν
776 2478 938 2565 δυνάμεων
950 2481 1062 2566 ἐχοντα
1074 2481 1132 2565 τὴν
1146 2477 1261 2567 ἡγεμο-

147 2589 216 2653 νίαν
248 2595 314 2661 τοῖς
342 2583 401 2661 ἐξω
431 2583 578 2667 πολέμοις
607 2583 864 2666 ἐνασχολεῖσθαι,
900 2587 952 2650 καί
982 2584 1034 2650 διό
1063 2591 1121 2669 τῆς
1146 2583 1260 2650 ἑαυτοῦ

54 2689 364 2774 ν.3οσταλαιπωρίας
376 2687 413 2752 τδ
436 2687 655 2772 ἀταλαίπωρον
677 2682 875 2769 πανταχόθεν
891 2684 957 2754 οἷον
971 2683 1262 2775 ὐπηρετικῶςπερι-

148 2801 246 2860 ποιεῖν
267 2797 307 2878 τῇ
330 2786 492 2880 συγκλήτῳ
513 2791 564 2855 καὶ
584 2798 651 2865 τοῖς
673 2793 839 2865 πολιτικοῖς
851 2788 1050 2877 πράγμασιν·
1077 2790 1134 2857 οὐκ
1148 2793 1304 2856 είδέναιλο

150 2893 326 2978 δυναμένων
342 2895 480 2974 ἐκείνων,
508 2889 551 2968 ῶς
567 2888 584 2957 ό
600 2897 663 2958 τῶν
677 2901 907 2978 στρατιωτικῶν
930 2890 1091 2978 δυνάμεων
1112 2894 1263 2980 ἐγκρατὴς

119 2997 251 3089 ορᾷστα
273 3002 335 3062 τῶν
361 2994 441 3062 ὅλων
463 3002 621 3083 χειροῦται
644 2993 680 3060 τό
701 2991 824 3082 κράτος.
879 2996 951 3087 (Δ.)
980 2994 1108 3081 Ταύτιγν
1122 2991 1179 3063 οὐν
1194 2998 1262 3062 ἐπι-

147 3099 269 3184 βοάλως
293 3101 344 3165 καλ
366 3105 501 3176 συνετῶς
525 3102 578 3164 καλ
603 3093 822 3176 δἈπόκαυκυς
840 3099 1004 3184 ἐληλυθὼς
1017 3098 1076 3184 τὴν
1090 3096 1183 3181 itur,
1209 3104 1262 3165 καΙ

152 3203 226 3280 τούς
237 3203 295 3288 μὲν
311 3201 439 3289 εὐγενεῖς
454 3201 594 3279 ἅπαντας
612 3197 921 3298 κατασκευασάμενος
937 3203 972 3271 τδ
991 3210 1048 3288 τῆς
1061 3208 1180 3288 βουλῆς
1202 3207 1261 3288 δῆ-

151 3433 280 3499 eonvenit,
297 3451 329 3488 us
345 3449 456 3504 uuquam
468 3432 630 3504 redpsratur
641 3431 851 3496 Gmtsouzeaus,
868 3431 1031 3502 quantumvis
1045 3431 1218 3503 poenitentem
1229 3450 1261 3486 se

151 3505 343 3572 significaturus
361 3511 445 3567 esset3
463 3521 495 3557 ac
507 3521 541 3558 ns
559 3503 661 3573 quidem
674 3503 697 3555 si
710 3503 803 3573 aliquis
819 3503 853 3556 de
866 3501 938 3555 eaelo
953 3501 1066 3570 Angelus
1082 3503 1261 3555 interveniret.
1286 3513 1288 3518 ·

151 3573 230 3640 (ΙΙΙ.)
244 3573 285 3624 Es
297 3572 453 3624 videbantur
464 3572 597 3640 utriusque
610 3588 669 3624 esse
681 3572 815 3624 institutas
832 3587 925 3624 resera
937 3577 1022 3623 autem
1034 3570 1136 3623 isthaec
1147 3572 1181 3625 ab
1190 3566 1262 3654 Apo*-

151 3643 226 3692 oeuci
240 3640 346 3692 solertia
358 3639 597 3709 pioficiseebeutur.
631 3640 812 3693 Somniaverst
824 3641 890 3693 enim
903 3640 1006 3703 statim,
1024 3640 1063 3693 uti
1076 3640 1196 3704 diximus,
1213 3658 1262 3693 ιιιι-

152 3709 303 3780 peratorituu
317 3709 478 3779 dignitatem,
489 3709 562 3762 cuius
575 3708 674 3829 ρήδετα
687 3708 812 3775 imagines
824 3709 948 3778 quasdam
964 3725 996 3761 ao
1011 3709 1082 3762 velut
1094 3709 1192 3763 seusina
1205 3711 1263 3762 sui-

152 3795 191 3830 suo
209 3777 335 3829 infixerat
371 3777 409 3829 Et
425 3794 481 3830 eum
495 3778 546 3830 iem
560 3778 619 3831 o‘m
635 3778 663 3830 in
677 3787 792 3830 veterum
805 3777 921 3830 historiis
934 3779 1123 3831 versatissimus
1137 3780 1216 3842 foret,
1233 3779 1262 3831 iu

151 3845 296 3901 memoriam
313 3845 352 3897 iili
368 3853 476 3898 venerat
488 3847 617 3899 Octavius
630 3848 728 3900 Caesar
742 3850 890 3917 Augustus,
914 3864 1024 3916 eumque
1040 3847 1189 3900 imitandum
1210 3848 1262 3900 sibi

151 3916 233 3969 tacite
249 3922 428 3984 proposuerat.
463 3915 567 3968 Etenim
588 3916 632 3969 ille
652 3915 753 3968 sublato
773 3933 829 3968 eum
842 3917 981 3985 Cleopatra
997 3916 1127 3986 Aegyptia
1138 3917 1261 3980 Antonio,

152 3984 302 4037 insidiatore
319 3991 346 4036 st
359 3983 461 4052 imperii
477 3983 592 4050 aemulo,
610 4002 661 4038 non
677 3983 753 4038 aliter
769 3986 873 4055 putavit
886 4001 1031 4055 supremum
1046 3986 1156 4038 omnium
1174 4002 1261 4039 rerum

152 4053 278 4107 dominum
293 4053 447 4106 exstiturum
458 4071 488 4107 se
501 4071 574 4117 esse,
597 4071 672 4124 quam
688 4053 710 4105 si
728 4055 883 4108 senatoriam
897 4054 994 4107 Curios
1011 4053 1164 4124 dignitatem
1183 4072 1262 4107 ever-

151 4123 234 4175 tisset
270 4122 441 4184 Quamobrem
456 4123 558 4177 minima
571 4122 734 4176 auctoritatis
746 4132 823 4193 parte
835 4123 997 4177 senatoribus
1009 4141 1138 4187 eunome,
1151 4125 1262 4176 maxima

151 4194 209 4261 ipse
229 4208 329 4259 semper
344 4191 487 4244 fruebatur.
521 4191 552 4243 ld
568 4200 653 4244 sutem
671 4201 744 4255 erat,
761 4201 791 4245 ut
808 4193 827 4245 ii
844 4193 946 4262 quidem
957 4193 1053 4245 Romus
1070 4193 1191 4247 sedentes
1204 4193 1262 4246 iura

152 4262 258 4314 urbibus
274 4265 375 4324 durent,
392 4267 420 4312 et
432 4259 597 4329 magistratus
611 4267 731 4330 tauquam
743 4278 758 4314 a
770 4261 835 4314 solio
852 4261 953 4331 publice
973 4279 1007 4313 ue
1019 4263 1176 4315 auctoritate
1189 4262 1263 4330 lege·

151 4339 224 4383 rent:
242 4330 300 4399 ipse
312 4335 398 4381 autem
413 4328 577 4381 terresuibus
598 4329 780 4384 sensualibus
795 4331 877 4399 sepiis
891 4281 1040 4400 prseieetus
1058 4331 1174 4384 extersis
1186 4331 1261 4384 bellis

151 4407 337 4470 occuparetur3
356 4403 383 4449 et
394 4397 518 4450 molestiis
535 4397 649 4451 omnibus
667 4398 718 4451 sibi
731 4400 774 4452 uui
792 4401 936 4468 susceptis,
954 4407 1059 4469 peruret
1073 4400 1201 4469 undique,
1220 4401 1261 4451 ia-

153 4468 212 4521 muli
232 4469 330 4530 instar,
348 4467 449 4519 senatui
464 4483 495 4519 eo
510 4467 668 4536 reipublicae
679 4468 905 4537 tranquillitatem
923 4485 981 4521 cusu
994 4468 1032 4520 ilii
1044 4469 1117 4522 haud
1130 4469 1260 4536 iutellige-

154 4544 226 4599 reot‚
244 4554 301 4591 eusu
319 4535 364 4606 qui
382 4535 538 4588 exercitibus
553 4542 700 4605 praeesset,
723 4537 846 4592 facillime
865 4554 941 4606 posse
959 4554 1085 4606 usurpare
1104 4539 1260 4591 dominatum

154 4606 263 4658 omnium
277 4623 371 4658 rerum.
406 4605 481 4671 (IV.)
499 4605 570 4656 lusus
584 4604 667 4672 igitur
680 4604 913 4726 χίππελρυσευουο
928 4606 1052 4658 insidiose
1066 4611 1093 4659 et
1109 4613 1185 4659 cuuto
1203 4607 1260 4674 ipse

155 4690 259 4743 quoque
272 4675 404 4744 ingressus
421 4673 525 4740 effecit,
538 4681 567 4728 ut
580 4688 667 4728 omues
696 4674 780 4730 obiies
798 4676 894 4731 moueri
914 4674 1043 4731 senatorio
1060 4676 1259 4731 administrando
