2760 5176
208 734 307 806 1200
595 731 952 805 ANNOTATIONES.

199 922 274 980 asp.
296 897 347 960 lll.
369 907 442 958 sect
462 896 503 959 11.
523 893 562 955 ds
582 891 731 971 lingerio,
758 887 897 975 pupdpdu
921 883 1024 965 sidric
1046 888 1071 956 δ
1089 886 1236 972 βασιλεία
1254 888 1336 978 latq·

207 983 357 1069 οἷδείφιδῇ
374 989 504 1046 ποιεῖται
526 981 649 1062 Μαρίᾳ,
671 977 725 1036 ubi
748 978 839 1038 etism
857 977 986 1037 Wolfius
1011 991 1133 1058 neptem
1154 978 1333 1056 interpretatu
1375 1013 1376 1018 κ

207 1081 286 1146 erat,
309 1089 377 1128 cura
390 1064 648 1146 interpretandum
661 1071 739 1122 esset
753 1064 865 1125 sororis
880 1059 994 1142 filiam.
1030 1063 1195 1122 Caeterum
1213 1061 1348 1135 Theodora¹
1373 1051 1376 1103 l

207 1157 276 1232 illa,
299 1174 375 1234 quse
392 1152 531 1212 hocloco
545 1148 667 1208 Ximeni
679 1148 819 1228 nupsisse
835 1149 948 1210 dicitur·
962 1143 1155 1229 χηρεύουσα,
1177 1148 1327 1207 rirdobiun
1345 1193 1347 1209 ³
1370 1217 1372 1234 .

200 1250 271 1318 qest,
293 1240 367 1319 quin
381 1239 447 1319 ipss
466 1237 506 1296 sit
522 1235 631 1308 Μανία,
653 1252 730 1312 quae
749 1234 877 1311 Rogerio
900 1233 1036 1314 primum
1055 1243 1220 1312 nupserat,
1238 1254 1267 1291 aa
1280 1246 1325 1314 pau
1368 1237 1377 1307 [l

201 1326 272 1386 *eius
293 1324 413 1383 casdem
429 1323 520 1382 vidus
541 1318 725 1398 aliquamdiu
741 1328 897 1381 manserat.
941 1319 1051 1379 Potuit
1068 1319 1192 1378 scilicet
1212 1319 1324 1379 eademst
1368 1323 1377 1356 l

128 1412 130 1415 ’
196 1406 371 1468 wedam
389 1409 465 1482 dici,
488 1403 650 1466 etMorio.
694 1404 799 1464 Potuit
819 1405 906 1463 etiam
921 1403 1088 1481 Gregorio,
1114 1404 1322 1464 memoriaenb's

207 1495 327 1573 lapsus,
352 1489 540 1552 Theodoram
554 1509 665 1549 vocare
682 1509 764 1564 earn,
790 1490 876 1549 cuius
892 1508 1000 1549 verum
1017 1510 1132 1550 namen
1151 1499 1227 1549 esset
1245 1491 1321 1551 naa

205 1581 311 1650 irene,
335 1597 423 1638 soror
439 1574 605 1636 Andronici
617 1574 824 1653 imperatoris,
848 1574 1013 1654 eademque
1030 1595 1114 1634 uxor
1128 1575 1246 1650 Ananis,
1263 1573 1321 1632 lilim

208 1663 314 1722 habuit
333 1662 482 1737 Mariam,
507 1660 591 1720 illam
612 1680 720 1740 nempe
744 1680 820 1740 quae
842 1660 986 1738 lingerio,
1008 1669 1044 1718 ut
1066 1660 1219 1733 diximus,
1238 1657 1321 1739 nupsit:
1373 1725 1378 1735 .

208 1747 316 1808 habuit
333 1756 364 1807 et
379 1743 582 1820 Theodoram,
611 1765 688 1824 quas
701 1744 832 1805 Manusli
844 1744 968 1822 Tagari,
991 1742 1032 1803 ds
1053 1765 1118 1825 quo
1137 1744 1321 1803 Cantacmem
1368 1744 1378 1780 l

209 1833 265 1901 lib.
284 1833 306 1891 1.
321 1852 388 1913 cap.
403 1831 514 1892 XVIII.
537 1829 613 1890 Vide
627 1841 657 1890 et
673 1829 811 1890 Familias
831 1831 904 1909 Byr.
920 1848 987 1910 pag.
1002 1832 1081 1896 325.
1125 1846 1239 1889 sorvis.
1369 1833 1378 1884 l

294 1920 375 1998 Peg.
397 1920 476 1992 288,
503 1921 535 1982 6.
570 1910 727 1989 “damae
751 1910 867 1997 ἡβηδὸν
891 1911 1152 1994 σαναπίσφαξαν]
1195 1914 1322 1975 Manuos.
1369 1910 1378 1950 ί

174 2057 176 2060 ,
206 2007 364 2085 ‚cap.227.
387 2000 533 2061 Mancsds
550 1999 682 2107 capili·
724 2019 854 2061 soemo.

295 2091 374 2168 Pog·
397 2091 476 2162 288,
498 2091 550 2151 20.
594 2081 679 2147 Allol
694 2079 806 2168 spinos
819 2079 1005 2164 Λατινικδν]
1027 2081 1115 2143 blora
1138 2083 1220 2163 apud
1238 2082 1322 2142 husa
1371 2065 1378 2121 l

206 2194 266 2234 -seu
278 2173 411 2232 Francos
425 2172 578 2252 principes
592 2181 731 2251 recepto,
755 2190 816 2250 quo
835 2169 903 2230 liliis
915 2168 1050 2228 secundo
1060 2169 1192 2246 -genitis
1208 2191 1271 2250 pars
1286 2182 1322 2225 sr-
1372 2171 1379 2205 ¹

211 2282 278 2331 rae,
300 2257 346 2322 uti
359 2256 577 2336 loquebantur,
598 2256 630 2314 in
650 2254 844 2316 haereditatis
866 2264 977 2315 sortem
996 2253 1144 2330 assignari
1167 2253 1285 2327 solebat,
1299 2260 1323 2309 a
1374 2256 1379 2290 ¹

212 2364 271 2422 qus
285 2343 361 2403 sdea
375 2341 407 2401 in
428 2343 639 2424 apenaaga'um,
662 2340 700 2403 de
717 2361 778 2422 quo
798 2340 899 2401 multis
914 2339 1031 2419 egimus
1047 2339 1081 2399 in
1097 2340 1199 2403 Gloss.
1212 2338 1324 2401 medlo

208 2429 267 2489 tia.
283 2426 482 2489 inhaovocs.
524 2446 658 2492 arcano.

296 2531 474 2609 Pegusa,
499 2532 549 2591 12.
589 2520 754 2609 Ἰωάννην]
777 2528 873 2602 Quem
896 2525 996 2588 statim
1014 2535 1108 2606 atque
1124 2524 1290 2586 Michaelem
1304 2540 1326 2582 a
1377 2512 1379 2520 ⁴

208 2614 317 2694 priore
334 2613 459 2692 coniuge
481 2613 576 2672 filium
599 2613 825 2694 imperatorem,
849 2614 1007 2694 Despotam
1035 2613 1159 2671 dixerat
1179 2622 1270 2692 pater.
1295 2609 1327 2668 ra

213 2698 348 2778 chymer.
364 2699 416 2761 lib.
431 2699 485 2758 lx.
505 2717 573 2778 cap.
588 2704 617 2762 2.
661 2699 704 2758 De
724 2699 789 2760 aliis
807 2697 973 2759 Andronici
994 2697 1100 2758 liberis
1118 2696 1171 2756 hic
1191 2693 1327 2758 memorab

212 2785 283 2844 vide
298 2784 401 2844 Famil.
417 2785 541 2862 Byzant.
584 2803 714 2845 roomo.

157 2958 164 2974 ,
301 2889 371 2967 Pog-
393 2887 473 2962 234,
500 2885 549 2951 15.
592 2879 852 2966 Αδτονδμονςκαδ
867 2882 981 2964 μηδένα
997 2881 1111 2964 μηδενὶ
1133 2878 1329 2962 almadana]

213 2973 263 3032 sie
280 2973 367 3031 etiarn
381 2969 530 3030 Phranzes
545 2969 599 3031 lib.
613 2970 634 3035 L
647 2991 714 3052 cap.
729 2977 760 3036 7.
782 2971 873 3050 Atqui
888 2970 919 3030 id
930 2970 961 3028 in
974 2966 1155 3028 Latinorum
1168 2990 1228 3030 usu
1242 2969 1330 3028 minias

213 3068 277 3117 crat
285 3103 294 3133 ‚
317 3057 398 3137 apud
413 3077 487 3135 quos
505 3055 779 3134 secundo-geniti,
802 3055 910 3136 quibua
927 3054 996 3114 data
1010 3063 1075 3113 crat
1086 3076 1164 3135 pore
1180 3071 1277 3130 terrae,
1288 3056 1330 3114 ius

214 3143 369 3202 clientelae
386 3151 417 3201 et
429 3141 552 3199 hominii
568 3140 801 3221 primo-genito
818 3141 967 3204 suberant.
1008 3159 1148 3199 uocare.

297 3240 375 3324 Pag.
398 3241 478 3318 235,
503 3245 551 3307 13.
592 3240 632 3303 ‘H
648 3240 749 3322 μέντοι
763 3240 836 3320 etc]
858 3242 965 3302 Exstat
981 3240 1013 3300 in
1034 3239 1150 3301 Codice
1168 3241 1260 3318 Regio
1274 3238 1331 3320 (olis

212 3323 396 3409 Telleriano)
421 3327 549 3407 epistola
575 3325 727 3386 Athanasii
753 3325 939 3409 patriarchae
968 3322 1330 3406 Constantinopolilsnial

211 3415 385 3489 Augustam,
411 3411 448 3471 de
466 3412 689 3472 reconcilianda
703 3433 771 3472 cum
787 3412 855 3472 viro
870 3411 977 3491 gratia,
999 3410 1090 3491 siquo
1112 3412 1259 3491 epislolae
1274 3428 1331 3492 pras

211 3497 291 3574 fixus
305 3507 350 3555 est
363 3496 457 3556 salsus
472 3507 502 3557 et
517 3498 714 3557 inconcinnus
728 3497 848 3574 titulus,
872 3490 1000 3578 Γραίμμα
1015 3491 1096 3576 πρδς
1111 3493 1168 3560 τδν
1185 3492 1331 3576 odram

214 3605 267 3662 ρα,
289 3579 359 3658 περὶ
378 3586 434 3643 τοῦ
449 3577 523 3665 παρ’
536 3583 642 3645 ἐλπίδα
661 3578 865 3664 συμπεσόντος
883 3581 1046 3660 δεσποίνης
1060 3574 1214 3655 θάνατος.
1256 3577 1332 3640 Debai

212 3674 313 3724 autem
328 3666 467 3743 inscribi,
490 3672 519 3728 Γ
514 3661 619 3749 ρδμμα
631 3664 708 3748 πρδς
724 3664 780 3749 τήν
803 3668 995 3749 βασίλισσαν,
1017 3664 1088 3747 περί
1105 3670 1163 3729 τοῦ
1178 3668 1245 3728 δεῖν
1266 3659 1333 3740 «lxiv

213 3749 355 3829 ὁμονοεῖν
371 3756 411 3812 rai
428 3745 556 3836 συζύγφ.
602 3753 733 3812 Pertinet
748 3774 782 3812 ea
802 3751 973 3812 adhortatio
988 3749 1028 3808 sd
1047 3752 1260 3832 componenda
1274 3747 1334 3811 aaa

92 3848 94 3859 ⁴
125 3860 130 3876 ·
213 3835 279 3919 dia,
300 3835 338 3894 dc
352 3816 462 3914 quibua
477 3839 624 3916 Gregoras
643 3837 704 3916 agit
716 3828 776 3897 hoc
791 3837 868 3901 loco.
910 3855 1026 3897 sosvrs.

214 4000 217 4002 ,
301 3940 374 4017 Pog·
395 3937 474 4012 285,
496 3943 547 4003 20.
592 3933 824 4020 Θριαμβείοασα
836 3932 924 4000 soseri
937 3934 1148 4015 salladpaiu
1163 3940 1224 4000 rosi
1236 3931 1334 4016 σαῖίνν

212 4014 396 4102 Ιἐγκλήματα]
419 4022 557 4082 Verterat
576 4023 717 4098 Wolfius,
734 4020 857 4106 publico
872 4036 899 4080 et
915 4017 1034 4082 occulto
1050 4022 1245 4101 irnperotorie
1259 4020 1335 4082 crini·

213 4129 254 4167 rac
269 4101 453 4167 traducebat.
496 4109 561 4184 Ego
573 4109 670 4183 verti,
692 4109 787 4188 coepit
807 4108 867 4166 eius
882 4120 1017 4187 peccota,
1040 4104 1103 4166 είδί
1118 4130 1189 4168 cum
1208 4104 1262 4167 illc
1276 4125 1336 4166 σοι·

212 4191 326 4264 munio,
348 4213 438 4272 eoque
451 4189 580 4268 occulto,
603 4190 771 4277 diffamare.
798 4192 847 4250 stc
863 4190 960 4266 infra,
977 4184 1146 4270 δπδδδητα
1160 4195 1217 4256 τοῦ
1235 4185 1337 4271 coldras

212 4297 245 4338 rs
259 4275 310 4337 nal
327 4273 452 4355 ἑαυτῆς,
474 4278 608 4358 coniugis
625 4292 652 4337 et
668 4299 723 4337 suo
740 4277 833 4358 ipsius
848 4296 962 4338 aroana
976 4272 1143 4357 propudio.
1186 4295 1294 4337 sorrm.

215 4446 219 4455 ,
297 4374 372 4457 Pop.
394 4381 475 4454 237,
500 4384 550 4443 11.
591 4376 644 4452 Ὡς
669 4375 687 4442 δ
710 4383 771 4441 τῶν
793 4370 936 4455 illaesis
960 4370 1036 4452 δοδξ
1061 4377 1224 4461 θυγατέρα
1242 4370 1337 4459 τρέφεν]

214 4459 313 4540 Agnes
328 4463 381 4521 illa
397 4463 463 4538 luit,
484 4463 545 4523 filia
559 4463 696 4541 Hugonis
714 4463 839 4523 Comitis
853 4461 1045 4535 Briennsnsis
1066 4472 1098 4522 et
1114 4457 1299 4524 Elisabethss
1314 4455 1339 4517 de

213 4543 245 4604 la
260 4544 365 4607 Roclse
385 4548 526 4608 Ducissas
547 4547 753 4624 Atheniensis,
783 4569 819 4607 so
842 4547 969 4628 proiuds
988 4566 1079 4607 soror
1103 4547 1223 4611 Gslteri
1240 4545 1337 4607 &min
1374 4615 1375 4619 ρ

213 4629 416 4708 Briennensis,
449 4634 501 4712 qui
526 4653 560 4693 ea
583 4641 764 4714 tempestate
782 4632 996 4694 Atheniensem
1019 4633 1180 4699 nautum
1202 4632 1336 4698 obtinebtl

214 4712 289 4776 Vide
304 4715 382 4778 llist.
388 4717 528 4780 Εεειιοσ-
537 4718 730 4799 Bessan-lib.
743 4718 794 4783 vl.
808 4739 840 4783 n.
855 4718 913 4794 43.
948 4736 1090 4784 nocua.
