2724 5168
204 689 282 772 696
391 723 392 726 ’
502 693 1009 766 NICEPHORIGREGORAE.

41 877 71 928 Δ.
85 877 118 930 m.
129 860 302 945 6859εχείας
323 853 377 926 τόν
399 856 431 924 τ’
456 859 504 924 lul
526 865 582 926 τοῦ
602 863 780 944 πλινθοιτρῦ
792 853 893 936 κιόνος
907 859 939 925 ἓν
951 857 1097 950 ἀγγελικῷ
1109 865 1155 949 τῷ
1171 855 1303 946 σχήματι

74 946 170 999 ΜΗ
201 968 336 1048 χαλκοῦν
361 959 528 1047 ἀνδριάντα
563 965 614 1026 καλ
647 959 713 1044 ἅμα
734 960 789 1028 τόν
804 961 1210 1049 1τοῦπρσβεβασιλευαότος
1232 969 1303 1030 Πο-

117 1077 122 1084 ’
204 1061 366 1150 λαιολόγσυ
392 1071 431 1152 τῇ
463 1066 518 1155 βία
546 1063 832 1150 καταγωνισθέντας
854 1067 901 1153 ’τῷ
929 1067 986 1148 μὲν
1009 1067 1057 1130 lul
1079 1065 1218 1152 θατέρου
1242 1075 1302 1134 τῶν

178 1169 300 1252 Βώμευν
316 1171 474 1233 κεκλίσθαι
489 1167 546 1251 τὴν
558 1167 710 1255 κεφαλὴν,
733 1173 778 1256 τῷ
793 1168 827 1232 tt
846 1167 906 1253 πρό
921 1171 1024 1234 ποδῶν
1038 1167 1187 1256 ίρρίφθαι
1201 1167 1256 1236 τόν
1273 1169 1304 1235 όν

201 1282 304 1358 χεροῖν
321 1277 378 1354 τῆς
395 1267 509 1346 πόλεως
525 1265 755 1354 σχηματισμόν·
783 1267 826 1346 ώς
840 1274 994 1352 εἰκασμοῖς
1008 1297 1086 1337 τισιν
1100 1273 1243 1337 ἐντεῦθεν
1258 1273 1327 1337 lui

204 1377 291 1450 νοίας
318 1372 403 1450 τινός
425 1372 656 1464 ἀναλεξαμίνοις
679 1373 767 1448 ἐνίοις
792 1370 1013 1459 ἀποπεφάνθαι
1019 1423 1030 1454 ,
1057 1372 1102 1458 μὴ
1124 1376 1167 1450 είς
1175 1374 1304 1460 ’μακρόν

204 1484 261 1562 τῆς
282 1481 343 1541 τῶν
358 1471 582 1560 Παλαιολόγων
595 1473 838 1562 αὐτοκρατορίας
853 1474 980 1542 ἔσεσθαι
997 1476 1054 1560 τὴν
1070 1474 1303 1564 καταστροφήν.

206 1577 274 1668 (Ε.)
300 1577 389 1644 Κάπλ
403 1574 524 1656 τούτοις
537 1578 572 1644 τό
591 1579 807 1665 προπεπονθδς
816 1585 872 1662 τῆς
885 1575 965 1667 ἓρλας
979 1577 1093 1661 ἀτμίδος
1109 1587 1165 1644 τοῦ
1176 1586 1233 1663 τῆς
1251 1585 1306 1644 τοῦ

204 1686 283 1747 θεοῦ
306 1679 425 1767 Σοφίας
447 1680 505 1748 νεεδ
531 1677 796 1764 καταπονούμενον
816 1677 915 1765 ἡσυχῆ
936 1677 1162 1769 παρερρήγνυτο
1188 1688 1308 1766 μᾶλλον

92 1777 94 1782 ’
180 1783 274 1864 criel,
303 1785 354 1846 xci
367 1783 482 1859 πολλὰς
497 1783 611 1849 ίκεῖθεν
623 1785 776 1870 ψηφίδων
785 1786 837 1848 καλ
852 1785 990 1850 πλίνθων
1004 1779 1192 1871 κατίῤῥιπτε,
1218 1785 1306 1869 μέχρι
1316 1801 1345 1853 1⁰

205 1893 264 1970 τῆς
287 1891 455 1964 παντελοῦς
476 1883 637 1964 πτώσεως·
671 1889 738 1972 περί
762 1878 800 1970 ἧς
814 1883 886 1970 ἡμῖν
903 1887 980 1952 κατὰ
992 1883 1098 1972 χώραν
1115 1889 1214 1952 λοῦσιν
1229 1886 1309 1952 ἀπο-

205 1985 350 2076 χρώντως
364 1989 520 2066 λελέξεται.
548 1996 603 2054 νῦν
617 1989 652 2055 δ’
669 1989 854 2056 ἓπανακτὲον
871 1989 925 2056 τόν
946 1986 1037 2074 λόγον
1059 1991 1111 2054 καὶ
1135 1989 1305 2074 διηγητόον,

209 2091 269 2158 ὅσα
295 2092 327 2158 ἐν
347 2094 426 2182 τῷδε
450 2097 507 2158 τοῦ
526 2089 642 2180 χρόνον
665 2094 730 2184 ίδίρ
755 2088 976 2158 συνεπεπτώκει
998 2091 1141 2178 μενίσθαι
1156 2102 1221 2168 τοῖς
1241 2095 1309 2156 Βυ-

139 2277 143 2288 .
207 2195 350 2274 ,ζαντίοια

110 2283 204 2361 usas
286 2293 324 2382 γ’.
343 2295 423 2362 Ἐπεὶ
436 2295 495 2382 γὰρ
507 2292 686 2386 Ἀποκαόκρι
702 2295 742 2360 τὰ
758 2295 837 2362 κατὰ
851 2291 975 2381 γνώμην
988 2294 1044 2362 οῦκ
1056 2293 1149 2362 εῦοδα
1163 2295 1245 2362 κατὰ
1255 2301 1309 2362 τοῦ
1317 2310 1346 2368 15

180 2373 365 2483 ”sacratos
377 2395 532 2482 ἐβάδιζεν·
559 2398 631 2464 ἀλλ’
650 2399 751 2487 ἐκείνῳ
763 2400 821 2481 μὲν
840 2399 944 2464 lusori
963 2404 1019 2483 τῆς
1037 2394 1237 2483 ἀπογνώσεως
1251 2406 1311 2478 βυ·
1351 2449 1352 2454 1

210 2509 274 2568 θοῦ
289 2504 394 2579 δεξιῶς
410 2501 567 2584 ἀνέβαινεν
584 2501 684 2588 ἠρίμα
702 2501 743 2566 sd
757 2497 925 2586 πράγματα
947 2504 998 2566 καλ
1012 2499 1219 2589 ἀνερρώννυτσ
1234 2500 1312 2586 πρός

210 2603 247 2671 ‘ad
269 2603 536 2690 εὐθαρσίστερον·Ι
564 2600 665 2694 τοῦτῳ
689 2603 723 2669 δ’
750 2602 820 2670 οῦτε
839 2604 879 2670 τὰ
902 2603 982 2669 κατὰ
1005 2601 1169 2670 θόλατταν
1186 2605 1312 2680 ἐλπίδος

210 2716 334 2793 παρεῖχε
353 2703 537 2794 θαρρούσας
543 2755 553 2788 ,
580 2705 651 2774 οῦτε
671 2716 735 2782 τοῖς
749 2706 821 2772 κατ’
846 2705 970 2792 ἤπειρον
984 2704 1080 2784 δεξιόν
1093 2731 1123 2772 τι
1137 2707 1310 2772 καθίστατο

212 2806 387 2892 σόμβολσν·
404 2808 458 2897 ἐφ’
474 2807 579 2896 ἑτέρας
594 2809 732 2896 ἐτρέπετο
747 2807 897 2894 μηχανάς.
924 2809 999 2895 ἔγνω
1011 2809 1070 2896 γὰρ
1084 2815 1346 2894 προβιβασμοΐςω

178 2919 307 2998 Εγεριῦν
321 2915 373 2977 καλ
385 2909 548 2998 προσόδων
562 2909 669 2999 πόροις
681 2909 824 2978 ῦπελθεΐν
840 2908 894 2978 τόν
912 2937 944 2977 τε
967 2909 1157 2998 πατριάρχην
1171 2913 1223 2976 καὶ
1246 2910 1312 2994 ἅμα

208 3014 263 3082 τδν
277 3005 438 3098 Ταβαλᾶν
459 3012 621 3099 Ἰωάννην·
652 3013 687 3090 δς
713 3011 979 3099 γλωττοδαίδολόν
1001 3039 1070 3108 τινα
1087 3014 1164 3100 πρός
1180 3021 1237 3098 τῆς
1251 3012 1312 3102 φό-
1341 3069 1344 3076 ,

112 3131 144 3187 Ρ.
151 3129 203 3188 4³6
211 3141 288 3194 σεοις
300 3114 490 3202 κτησόμενος
508 3116 672 3200 εῦστομίαν
695 3115 781 3200 μάλα
803 3143 852 3184 τοι
873 3116 1007 3193 πιθίτνός
1026 3113 1121 3183 ἐδόκει
1137 3127 1202 3192 τοῖς
1217 3105 1312 3184 ἀκοῦὲ

211 3245 297 3302 ovas,
324 3230 389 3298 τοϊς
408 3246 440 3287 τε
462 3219 568 3298 ἄλλοις
591 3223 643 3286 καὶ
664 3218 732 3286 ὅσοι
757 3220 813 3305 τὴν
833 3221 988 3303 βασίλειον
1013 3217 1216 3306 συνεκρότουν
1238 3217 1313 3306 σόρ-

211 3387 268 3449 est,
292 3387 379 3438 statua
395 3401 474 3440 seres
487 3383 604 3456 angelico
622 3382 727 3448 babiti,
750 3399 798 3436 nec
817 3399 869 3434 non
888 3381 1047 3436 simulacrum
1065 3381 1135 3436 illius
1153 3382 1314 3453 Palasologi,

212 3453 259 3522 qui
269 3453 407 3508 novissime
420 3453 606 3523 imperaverat,
624 3452 763 3506 violentiae
775 3451 914 3515 cesserint,
933 3459 960 3506 et
972 3453 1010 3504 illi
1024 3452 1124 3522 quidem
1140 3459 1222 3521 caput
1235 3451 1263 3505 in
1277 3455 1315 3506 al-

211 3527 295 3574 terum
304 3523 436 3576 humerum
449 3523 597 3576 inclinatum
609 3523 657 3585 ait;
676 3521 735 3574 huic
749 3526 835 3574 autem
849 3520 882 3573 ad
895 3520 974 3590 pedes
987 3519 1123 3590 provoluta
1136 3521 1172 3574 sit
1186 3538 1228 3584 es,
1238 3539 1316 3590 quam

212 3589 326 3643 babebat
336 3592 364 3642 in
376 3591 502 3655 inanibus,
517 3592 602 3660 ligura
616 3591 697 3644 urbis.
722 3589 845 3644 Nonnulli
859 3590 947 3658 itaque
962 3589 1136 3643 coniectantes
1151 3590 1317 3659 etquaedam

214 3657 277 3711 inde
295 3659 434 3727 praesagia
459 3659 591 3729 capientes
614 3677 665 3712 non
684 3659 761 3728 longo
780 3665 840 3728 post
858 3675 974 3712 eversum
994 3659 1027 3710 iri
1045 3659 1134 3710 dixere
1148 3659 1318 3728 Palaeologo-

213 3743 271 3848 ‘223
285 3725 676 3865 imittlttstzttttt
701 3727 1319 3865 ‘illitamatutimis&

214 3812 339 3934 paulatim
354 3866 405 3917 iam
418 3865 499 3934 magis
513 3883 544 3920 sc
558 3867 639 3934 magis
656 3833 809 3926 faliscebate
827 3871 904 3934 atque
916 3865 977 3917 inde
990 3865 1081 3918 oalouli
1093 3873 1121 3919 et
1131 3864 1249 3916 laterculi
1263 3866 1320 3918 fre-

215 3939 323 4002 quentes
336 3933 498 3999 decidebant,
517 3935 600 4005 quoad
615 3941 671 3988 tota
684 3933 786 4004 taudem
802 3933 954 4003 procubuits
989 3949 1022 3985 ua
1038 3933 1071 3986 de
1084 3951 1114 3986 re
1129 3933 1198 3986 inira
1214 3933 1319 3987 abunde

215 4017 261 4054 suo
280 4002 337 4055 loeo
355 4003 448 4056 dicturi
462 4020 556 4056 sumus.
590 4005 666 4057 Nunc
685 4012 770 4056 sutem
790 4003 934 4055 revocanda
950 3951 1010 4055 inibe
1027 4003 1125 4067 oratio,
1149 4007 1176 4056 et
1188 4002 1320 4072 quidquid

216 4087 265 4141 per
281 4071 345 4130 illud
362 4079 464 4140 tempus
480 4071 615 4142 Byzantiis
632 4073 738 4124 seorsim
755 4068 896 4135 acciderit,
914 4070 1074 4124 narrandum.

282 4141 309 4195 θ.
326 4141 395 4204 Quis
412 4145 549 4210 Apocauoo
566 4141 656 4205 iniis,
675 4157 742 4210 quae
759 4141 883 4193 adversus
902 4141 935 4192 im
955 4148 1080 4194 maiorem
1098 4138 1265 4204 moliebatur,
1285 4155 1318 4192 ex

116 4225 121 4235 ¹
213 4209 342 4262 sententia
360 4226 412 4262 non
427 4210 600 4274 succedebat,
626 4211 672 4263 sed
690 4209 864 4262 Cantacuzeui
883 4157 985 4278 quirlbm
1004 4227 1046 4262 res
1066 4225 1098 4260 ex
1118 4207 1319 4276 profundissime

214 4277 396 4347 desperatione
417 4280 546 4332 commode
563 4279 729 4348 emergebant
745 4278 866 4347 paulatim
889 4284 917 4330 et
936 4277 1021 4330 auctis
1043 4277 1140 4330 viribus
1164 4277 1319 4338 animumsi

213 4347 358 4411 addebant3
375 4345 415 4400 illi
428 4355 513 4402 autem
524 4366 607 4418 neque
619 4366 636 4401 a
648 4349 712 4400 mari
725 4365 786 4418 spes
798 4347 851 4400 ulla
866 4345 929 4399 satis
944 4346 998 4399 fida
1010 4345 1159 4414 effulgebat,
1178 4363 1261 4414 noque
1274 4362 1318 4400 res

213 4433 231 4470 s
245 4424 317 4470 terra
336 4417 374 4469 ita
393 4433 421 4470 se
440 4416 583 4481 habebant,
611 4424 640 4470 ut
662 4433 694 4470 ex
713 4417 746 4469 iis
763 4419 856 4469 bonum
875 4432 948 4468 omen
963 4431 1056 4484 capere
1075 4425 1177 4484 posset:
1202 4416 1236 4468 ad
1252 4414 1318 4466 alias

213 4485 416 4538 machinationes
432 4492 541 4539 mentem
560 4486 668 4555 appulit.
701 4483 827 4538 Decrevit
845 4484 911 4544 enim
929 4485 1050 4542 honorum
1072 4483 1270 4552 amplificatione
1291 4487 1320 4535 et

214 4553 308 4607 oblatis
323 4555 451 4608 reditibus
469 4554 653 4610 circumvenire
667 4554 839 4621 patriarcham
854 4551 927 4606 simul
943 4561 971 4605 et
983 4553 1100 4605 loannem
1111 4553 1255 4614 Gabaiam3
1273 4550 1319 4618 qui

215 4639 271 4674 nam
286 4640 303 4675 a
313 4629 407 4676 natura
419 4624 564 4693 accepisset
577 4622 741 4676 artificiosam
777 4622 885 4674 uandam
897 4621 1006 4674 dicendi
1015 4621 1177 4684 laoaltutea'a,
1195 4621 1319 4688 eloquen-

214 4689 326 4746 tissimus
338 4691 476 4748 videbatur
489 4691 663 4760 audientibus,
682 4697 735 4744 tum
749 4641 820 4756 alm,
838 4691 1072 4758 tummasimejis,
1090 4690 1182 4761 quibus
1194 4687 1319 4759 principis
