2760 5176
190 649 298 729 1254:
585 655 946 730 ANNOTATIONES.

189 813 421 880 misericordiam
445 827 619 877 consecutor
639 810 692 874 sed
712 829 855 897 quaestum
880 838 897 875 e
917 816 1057 897 peccatis
1077 841 1214 901 emergere
1231 838 1306 902 puer,

190 918 306 966 tantum
335 903 423 960 etiam
450 896 638 981 progreditur
667 895 710 957 ad
735 896 865 976 luctum,
896 915 924 960 et
945 924 1005 985 pro
1033 906 1084 963 sui
1106 902 1201 967 luetur
1217 906 1307 968 modulo

190 983 410 1048 misericordiae
433 981 664 1044 consolationem
690 982 820 1062 obtinet,·
849 988 895 1044 ita
915 1001 948 1046 ut
968 990 998 1047 si
1017 986 1080 1048 hoc
1102 993 1136 1050 in
1155 1005 1225 1050 statu
1236 993 1308 1075 jussit
1341 1030 1342 1035 κ

190 1069 340 1132 lumiliter
366 1073 540 1143 immorata,
570 1089 669 1129 omnes
696 1069 815 1128 animae
837 1072 964 1154 affectus
992 1090 1168 1136 commutet.
1208 1077 1308 1151 Cretae

192 1177 269 1236 quse
287 1155 425 1236 proxime
442 1153 685 1233 subsequuntur,
711 1155 843 1215 eiusdem
868 1159 1039 1235 argumenti
1055 1156 1210 1238 κεφάλαια
1223 1163 1309 1221 omitte

190 1241 339 1302 Aestimet
352 1241 448 1299 lector
463 1237 497 1300 ἐκ
508 1243 564 1301 τοῦ
579 1237 749 1319 κρασπίδοα
764 1235 798 1302 cd
814 1237 952 1318 doacus.
995 1264 1123 1305 norvia.

279 1330 352 1406 Pag·
374 1329 448 1398 657,
471 1329 523 1390 22.
559 1314 650 1387 Ἧκον
676 1321 698 1406 τί
723 1327 913 1407 προθεσμία]
942 1328 1023 1388 lunii
1049 1331 1118 1390 dies
1141 1330 1195 1393 Xl.
1213 1340 1246 1391 ut
1261 1350 1312 1389 unx

192 1411 399 1473 ostendemus.
441 1426 556 1470 sorvis.

280 1498 351 1576 Peg.
373 1495 446 1569 659,
467 1497 497 1557 9.
535 1489 680 1570 Ἑταίρας
697 1515 730 1574 γε
751 1488 814 1573 μήν
842 1490 965 1574 lotione,
985 1491 1023 1560 cd
1043 1495 1182 1579 θέατρον
1205 1493 1315 1560 destino

190 1580 244 1645 καί
258 1578 274 1643 6
288 1578 343 1659 μίν
356 1574 500 1660 Βαρίααίμ
520 1582 593 1652 ete]
621 1576 770 1638 Caeterum
791 1577 845 1639 sub
869 1603 1018 1661 vesperam
1039 1581 1242 1664 spectaculum
1260 1579 1315 1642 illud

192 1662 360 1727 absolutum
383 1679 434 1724 est.
476 1663 528 1724 Ao
546 1659 725 1723 Barlaamus
742 1662 859 1744 quidem
883 1675 942 1726 etc.
985 1667 1034 1725 lta
1054 1670 1248 1743 vertendum
1265 1688 1315 1741 τοο,
1353 1704 1354 1707 =

191 1761 228 1810 ut
243 1749 380 1809 vertebat
396 1748 537 1810 wolfius:
563 1744 712 1808 Caeterum
728 1745 782 1807 sul>
798 1771 945 1830 uesperam
960 1750 1138 1831 spectaculo
1152 1750 1207 1813 ilio
1219 1750 1316 1811 absolu·

192 1850 239 1907 to,
261 1830 444 1896 Barlaamus
460 1833 652 1915 ignominiam
677 1828 763 1891 illam
784 1835 1091 1919 gravissimeferene,
1110 1835 1209 1918 plenis
1224 1835 1316 1896 uelitis

191 1912 316 1978 ltaliam
336 1917 430 1997 abiit,·
453 1937 581 1998 quorum
596 1916 757 1976 verborum
775 1915 825 1977 hic
843 1919 965 1979 videtur
983 1941 1049 1979 esse
1062 1942 1191 1998 sensus,
1211 1919 1317 1981 Bartae·

191 2025 272 2064 mum
284 2005 397 2085 eaipsa
411 2000 467 2075 die,
490 2024 549 2084 qua
568 1998 731 2061 Concilium
751 2000 882 2062 debitum
899 2007 948 2078 rit,
969 2002 1069 2086 plenis
1082 2005 1159 2066 uelis
1177 2009 1208 2066 in
1221 2003 1317 2064 Italian
1354 2005 1355 2008 ’

192 2086 316 2165 obiisse,
339 2089 371 2147 id
387 2088 470 2168 quod
486 2097 521 2146 ut
537 2086 702 2146 absurdum
718 2088 757 2145 ita
775 2089 862 2147 etiam
882 2090 988 2149 falsum
1006 2100 1060 2151 est
1094 2093 1317 2169 Constatquipps

191 2173 379 2233 Barlaamum
397 2193 436 2233 ex
458 2194 494 2232 eo
515 2171 699 2250 aliquamdiu
719 2173 855 2250 Byzantii
873 2175 1061 2250 substitisse,
1086 2197 1145 2236 nec
1164 2180 1195 2235 in
1215 2177 1318 2256 patrino

191 2277 346 2319 reversum
361 2279 442 2332 esse,
464 2258 521 2317 nisi
539 2267 609 2338 post
626 2255 740 2316 obitum
764 2258 928 2319 Andronici
946 2260 1086 2320 iunioris.
1134 2262 1210 2323 Vide
1228 2263 1319 2320 Curti·

192 2363 261 2404 cua.
273 2343 326 2404 lib.
340 2345 380 2404 11.
395 2363 461 2422 cap.
475 2343 539 2405 XL.
553 2361 619 2422 pag.
634 2345 707 2408 336.
749 2363 863 2403 sorvis.

279 2433 353 2510 Pog.
379 2431 452 2504 559,
477 2433 525 2492 16.
558 2425 676 2490 ”Edeba
700 2430 738 2513 τῇ
759 2425 919 2512 ὑστεραίᾳ]
954 2429 1107 2490 Postridie
1136 2431 1250 2490 scilicet
1272 2430 1318 2490 eiu

193 2511 272 2587 diei,
304 2534 366 2591 quo
389 2512 554 2573 Concilium
576 2509 711 2571 habitum
734 2512 841 2575 luerat.
883 2515 988 2593 ltaque
1014 2517 1187 2575 Concilium
1208 2515 1319 2574 habitum
1356 2547 1357 2553 ο

192 2606 239 2657 est
252 2597 300 2657 die
314 2599 392 2659 lunii
408 2599 460 2657 Xl.
503 2598 577 2656 Nam
592 2597 669 2657 obiit
684 2599 846 2676 imperator
860 2597 908 2659 die
923 2600 999 2659 lunii
1014 2601 1081 2660 XV.
1096 2622 1170 2660 curn
1185 2601 1247 2661 dies
1260 2621 1319 2680 que·

190 2690 263 2743 tuor
277 2685 436 2743 continuos
451 2703 538 2761 aeger
554 2682 765 2758 decubuisset,
787 2685 931 2743 utstatim
950 2688 1142 2746 ostendetur.
1182 2706 1289 2748 roms.

279 2773 351 2849 Pog.
374 2769 447 2843 560,
471 2775 501 2833 1.
543 2760 610 2830 Ἐπί
622 2770 725 2849 τρίτην
738 2764 825 2850 ἐγγύς
839 2792 899 2831 που
915 2768 1053 2851 ἡμέραν]
1076 2771 1246 2851 Imperator
1262 2772 1319 2830 dno

190 2851 248 2913 bus
262 2851 367 2913 diebus
384 2852 467 2932 gravi
485 2873 595 2932 sopore
609 2874 787 2933 oppressus,
814 2854 903 2913 tertio
919 2856 1068 2914 excitatus
1088 2869 1162 2916 este
1184 2866 1245 2916 tum
1258 2858 1320 2917 idea

189 2939 282 3020 paulo
297 2948 367 3018 post
381 2938 412 2997 in
426 2958 565 3018 soporem
586 2938 739 3018 relapsus,
762 2937 799 2996 ad
817 2939 938 2999 tertium
956 2942 1020 3000 sere
1038 2941 1122 3000 diem
1140 2941 1240 3003 iacuit.
1277 2942 1321 3001 ltr-

190 3045 249 3103 quc
264 3024 328 3084 dies
339 3025 445 3084 saltem
459 3033 591 3101 quatuor
606 3026 764 3083 continuos
782 3023 934 3086 decubuit.
977 3025 1210 3087 Centscuzenus
1223 3026 1321 3105 quatri-

190 3111 252 3170 duo
276 3111 403 3169 iacuisso
424 3127 493 3168 eum
512 3109 543 3167 in
569 3108 648 3168 lecto
670 3107 828 3187 significat.
871 3109 912 3168 At
937 3113 1109 3186 Fontanus,
1140 3108 1321 3172 Conticueeai
1363 3152 1364 3155 =

189 3196 350 3276 interpres,
373 3215 411 3254 ex
420 3202 550 3273 quatuor
560 3193 666 3253 diebus
683 3204 795 3274 septem
806 3194 914 3255 effecit.
936 3196 1010 3254 Nam
1026 3199 1321 3257 cumaCantacusmo

188 3279 341 3362 ὑστεραία,
364 3278 496 3360 δευτέρα,
517 3280 616 3355 τρίτη,
635 3273 761 3359 ,τετάρτη
776 3279 893 3359 positae
907 3281 1023 3358 forent,
1047 3292 1143 3360 atque
1158 3284 1322 3361 esequideu
1369 3333 1370 3360 ,

189 3365 253 3425 suis
268 3385 405 3444 quaeque
415 3364 623 3444 symptomatis
640 3363 814 3441 distinctae,
838 3365 903 3454 ipse
918 3387 1070 3444 eamquae
1084 3368 1208 3427 Graeco
1220 3369 1322 3447 δευτέρα

190 3460 287 3523 esset,
308 3452 425 3510 tertiam
439 3451 577 3525 vocavit,
601 3469 676 3528 quse
694 3450 795 3529 τρίτη,
818 3452 933 3508 tertiam
948 3473 968 3507 a
990 3453 1087 3526 tertia,
1116 3451 1152 3510 id
1167 3461 1322 3512 ostreata·

188 3535 309 3615 posuit:
333 3535 463 3613 denique
492 3529 536 3618 (in
560 3533 619 3593 fine
639 3535 761 3613 capitis)
786 3555 851 3592 eam
872 3534 969 3610 diem,
993 3554 1073 3614 quae
1094 3557 1113 3595 α
1135 3536 1322 3596 Centscuzeoo

188 3614 509 3765 libaiflniicibiblli't
533 3618 1075 3764 nilnllbli'irimillbeblblaiii
1097 3621 1323 3765 slbdcddiili

517 3747 527 3780 ,
794 3748 803 3767 .
1076 3753 1084 3768 .
1315 3744 1322 3762 .

190 3751 301 3848 carisii
314 3790 493 3849 Mcccxtt.
508 3810 567 3848 non
582 3789 724 3850 incidisse
743 3789 775 3847 in
795 3790 900 3848 feriam
921 3799 1077 3867 quartam,
1101 3811 1183 3870 quae
1200 3802 1245 3852 est
1260 3790 1323 3850 tte·

189 3874 266 3934 curii
277 3870 356 3950 dies,
378 3875 476 3934 sedin
494 3876 599 3936 feriam
615 3883 747 3945 senam,
770 3894 846 3952 quae
862 3884 908 3934 est
922 3874 1055 3935 Veneris.
1097 3896 1218 3941 uosvis.

275 3983 349 4060 Pssg·
373 3982 447 4056 560,
468 3985 498 4046 3.
544 3977 631 4044 Komoi
645 3977 680 4044 sd
699 3984 805 4061 ςωμθ]
829 3979 939 4041 Christi
959 3983 1054 4046 1341.
1097 4001 1237 4043 unauna.

224 4087 232 4100 ·
274 4062 351 4145 Peg·
373 4066 445 4141 560,
468 4066 498 4132 5.
534 4064 577 4129 Tol
599 4072 654 4147 τῆς
677 4061 912 4147 αὐτοκρατορίας
934 4065 1002 4146 ἔτη]
1033 4067 1138 4145 Haec,
1170 4088 1247 4148 quae
1266 4085 1323 4125 era·

188 4148 273 4207 cellis
296 4150 410 4208 incluse
436 4161 520 4227 erint,
552 4172 622 4211 cnm
646 4151 773 4210 Wolfius
800 4171 860 4210 non
876 4152 1041 4212 invenisset
1068 4153 1101 4211 iu
1132 4173 1192 4213 suo
1219 4153 1322 4218 Codice.

188 4254 280 4294 annos
295 4236 415 4314 imperii
427 4237 535 4313 viginti
551 4236 711 4313 assignavit
727 4235 902 4296 Andronico
917 4237 1037 4297 iuniori.
1082 4239 1188 4318 Atque
1204 4236 1272 4297 bine
1289 4237 1323 4294 is-

188 4329 269 4379 ctum
287 4332 382 4400 puto,
405 4321 482 4381 utin
496 4322 562 4401 ipsa
577 4320 705 4382 huiusce
723 4320 875 4382 Historiae
894 4322 1092 4402 inscriptione
1111 4322 1196 4383 idem
1215 4321 1322 4381 Wollias

187 4419 332 4464 summam
355 4427 501 4466 annorum
522 4407 727 4486 ampliaverit,
750 4409 1012 4487 numeraveritque
1036 4429 1135 4468 annos
1153 4407 1262 4468 CXLV.
1275 4424 1321 4487 pro

188 4488 370 4552 CXXXVII.
383 4501 418 4550 ut
431 4511 522 4573 supra
536 4492 744 4552 annotavimus
757 4494 797 4553 ad
813 4495 893 4554 titul.
907 4493 979 4553 libri
1000 4494 1104 4572 primi.
1149 4513 1259 4555 aorem.

276 4578 350 4655 Pog·
372 4577 445 4649 660,
467 4582 498 4643 6.
530 4574 607 4659 ”Ero
628 4578 811 4641 δυοκαίδεκα
833 4571 894 4658 ἦν]
918 4579 1012 4637 Ιηιατο
1035 4582 1114 4640 anni
1135 4578 1321 4651 tredecima*

62 4687 65 4695 ι
187 4651 250 4719 dies
267 4660 375 4741 uiginti
397 4658 467 4722 duo.
513 4662 588 4723 Nam
614 4661 806 4725 Andronicus
827 4663 927 4725 iunior
946 4662 1035 4726 Urbis
1055 4667 1176 4746 potitus
1191 4675 1234 4725 est
1255 4678 1318 4722 eoae
