2746 5220
158 604 257 678 rora
547 601 923 688 Annorsrmnns

160 772 257 848 Vulgo
274 726 430 828 intensio
448 764 577 825 afferunt
591 756 834 842 Βελλεροφόντης
850 757 887 825 eoi
904 757 1082 845 γράμματα.
1110 757 1293 842 Belleropioe

160 870 204 916 tes
217 854 329 915 literas.
371 852 485 932 Supple
505 863 608 909 eontra
624 872 654 907 se
670 849 767 930 ipsam
788 847 897 932 mffert,
923 869 985 928 qua
1009 849 1049 908 ds
1073 869 1111 909 re
1135 849 1294 907 Graecorum

161 941 292 999 subulam
308 945 521 997 commemorat
537 945 567 994 st
586 933 674 993 docto
692 936 819 1014 exponit
839 935 1002 1010 Erasmus,
1033 933 1170 993 Chiliad.
1185 938 1214 998 9.
1233 935 1295 992 Ceo-

164 1035 223 1096 tur.
238 1028 267 1089 6.
290 1023 435 1082 Proverb.
449 1027 501 1087 82.
532 1037 714 1080 aserenonn.

250 1113 318 1187 Peg.
344 1110 444 1182 1088,
466 1112 516 1170 tt.
562 1104 729 1166 Διονυσίου
746 1097 956 1184 μεμνήσομαι]
981 1101 1132 1187 Dionysii
1150 1103 1298 1162 mentiones

152 1191 287 1280 soriam.
310 1193 406 1251 Locus
422 1200 468 1251 est
479 1191 510 1249 in
527 1189 655 1269 epistota
666 1189 718 1250 ΙΧ.
733 1188 1024 1268 Pseudo-Dionysii
1040 1192 1082 1248 sd
1096 1190 1199 1248 Titum
1211 1187 1298 1248 secet

106 1338 118 1362 ῃ
164 1275 308 1357 quemad
328 1276 430 1337 locum
452 1276 523 1336 vids
539 1275 635 1334 sancti
650 1273 774 1333 Maximi
797 1285 828 1335 et
846 1273 1054 1354 Pachymcrae
1079 1272 1209 1336 scholia.
1248 1293 1300 1332 mr·

162 1381 291 1422 resonis.

249 1450 328 1524 Peg.
353 1448 451 1518 1088,
474 1449 525 1510 19.
556 1441 594 1505 ‘O
607 1436 810 1526 Ἀθανᾶσιος]
834 1445 870 1506 Ι).
885 1442 1046 1504 Athanasii
1065 1444 1153 1505 Orat.
1166 1449 1196 1509 2.
1215 1453 1302 1503 cantra

164 1528 266 1592 Arian-
281 1541 352 1590 tom.
367 1529 398 1590 Ι.Ὶ
410 1549 476 1608 pag.
495 1533 570 1593 806.
591 1527 665 1589 odit.
684 1530 776 1609 antiq.
821 1550 1007 1593 corruscare.

253 1619 325 1695 Pag-
350 1617 450 1689 1084,
480 1618 530 1678 19.
571 1606 739 1695 Μάξιμος]
768 1615 809 1672 Ἰ).
840 1614 963 1676 Maxim.
997 1614 1159 1694 capitibus
1190 1610 1304 1692 theolog.

167 1699 338 1781 quingentis
356 1699 495 1757 Centurio
510 1705 541 1766 2.
556 1697 651 1758 Artic.
665 1698 717 1764 74.
759 1719 942 1763 curreremus,

253 1788 323 1845 Ρο.
349 1787 448 1858 1086,
472 1789 499 1848 1.
544 1777 712 1863 revoniae
739 1778 858 1863 δόκιμοι
880 1782 1073 1867 τραπεζῖται]
1113 1780 1207 1844 Probi
1232 1783 1305 1843 αἰτιτι

167 1807 368 1930 nammuhria‘.
388 1868 471 1930 Haec
486 1868 632 1929 sententia
650 1869 711 1949 ipsi
725 1868 843 1930 Christo
858 1890 877 1929 a
897 1869 1054 1931 veteribus
1073 1869 1231 1933 tribuitur.
1251 1889 1307 1929 car·
1369 1927 1370 1951 q

167 1973 300 2014 assonet.
460 1984 462 1987 ·
1370 1974 1371 1981 ¹

253 2042 324 2118 rag.
348 2042 449 2117 1086,
469 2041 500 2104 9.
541 2031 649 2112 onitate
666 2033 742 2120 yda,
764 2038 840 2119 φησὶ
857 2062 886 2103 κ.
899 2063 925 2100 τ.
941 2033 987 2118 1.]
1013 2037 1115 2099 Exod.
1135 2037 1273 2098 xxxttt.
1285 2055 1308 2096 τ.

168 2128 222 2191 20.
252 2143 450 2184 carrsnonn..

255 2205 381 2272 Ibidem.
423 2201 531 2282 oo’teta
544 2203 602 2290 γαρ
619 2204 729 2284 ὄψεται
748 2202 912 2288 πρόσωπόν
927 2231 986 2288 μου
1003 2206 1057 2271 καὶ
1074 2202 1211 2289 ζήσεται]
1232 2205 1311 2267 Nemo
1369 2223 1371 2255 ι

170 2294 248 2354 enim
268 2289 379 2352 videbit
389 2289 506 2373 sociem
535 2315 630 2351 meam
651 2308 678 2351 et
699 2293 783 2352 uiuet.
815 2293 1197 2359 Exod.xxx1t1.v.2o.
1216 2292 1312 2352 uhieic

169 2378 303 2438 habetur
316 2377 399 2458 apud
413 2374 486 2452 τους
501 2379 595 2440 Lxx.
619 2369 657 2439 ον’
675 2372 731 2458 yoip
749 2375 792 2457 μτ]
809 2377 859 2461 ἴδῃ
869 2375 1037 2458 ἄνθρωπος
1047 2374 1085 2441 co*
1094 2373 1313 2458 undenariorum

171 2463 224 2526 atui
241 2459 367 2540 ζήσεται.
396 2460 560 2522 Nonacrim
574 2459 684 2522 videbis
700 2460 787 2542 hamo
801 2460 912 2545 sociem
930 2486 1026 2522 meam
1044 2479 1072 2523 et
1088 2467 1177 2524 viret.
1214 2465 1245 2522 in
1262 2466 1314 2521 rul-

173 2558 242 2626 gota
264 2547 383 2606 Latina:
401 2545 472 2607 Non
486 2550 561 2607 anim
578 2543 688 2606 uidebit
707 2545 854 2606 malcomo
871 2564 898 2608 et
915 2550 1002 2611 uiuet.
1036 2550 1134 2623 Quod
1152 2550 1246 2627 magis
1263 2548 1316 2608 He·

48 2618 64 2645 a
172 2633 307 2694 hraicam
327 2631 366 2690 ad
385 2632 544 2692 veritatem
560 2629 686 2692 accedit.
717 2651 902 2694 corretionis.

260 2715 332 2798 Pag.
357 2720 453 2790 1089,
476 2721 507 2780 6.
552 2714 655 2796 Χωοὶς
672 2711 846 2797 δυνάμεως]
868 2716 993 2801 Absque
1009 2715 1244 2800 potentialitote.
1266 2663 1317 2776 Ni*

126 2865 130 2873 ,
175 2801 230 2862 stri
248 2802 291 2860 sic
305 2802 336 2860 in
351 2800 462 2861 scholis
477 2801 659 2881 loquuntur3
683 2823 742 2860 non
753 2802 832 2882 quod
848 2804 996 2883 impotens
1014 2805 1056 2864 sit
1071 2805 1164 2879 Deus,
1187 2803 1318 2880 ssdqnod

174 2909 236 2948 non
250 2885 359 2953 habeat
371 2907 485 2948 meram
497 2887 664 2968 potentiam
686 2886 722 2947 ab
739 2896 809 2948 actu
826 2908 883 2948 suo
903 2879 1078 2950 distinctam
1098 2901 1131 2950 et
1151 2899 1318 2969 separatam.

176 2993 354 3035 usrrssonu.

264 3063 334 3138 rag.
360 3060 459 3131 1089,
484 3060 533 3124 18.
581 3052 621 3119 Tit
635 3049 798 3120 Kotonov
820 3054 910 3139 ἄγος]
936 3054 1080 3140 Cylonioe
1099 3055 1206 3118 coedis
1227 3056 1320 3116 lehem.

177 3141 253 3221 Cylo
274 3142 381 3203 nobilis
399 3141 602 3218 Atheniensis,
625 3152 655 3200 et
670 3143 701 3200 in
716 3142 883 3222 Olympicis
903 3145 1019 3219 uictor,
1043 3165 1081 3203 ex
1098 3145 1176 3203 satas
1195 3142 1322 3222 Delphici

179 3229 296 3287 oraculi
318 3228 566 3307 interpretatione
587 3225 771 3286 Athenarum
793 3249 891 3288 arcem
918 3229 1100 3308 occupavit,
1124 3240 1269 3307 tanquam
1285 3238 1323 3305 ty·

178 3332 306 3373 nannum
319 3323 451 3374 acturus.
475 3313 550 3371 Tum
566 3311 765 3373 Athenienses
779 3313 877 3392 ipsum
898 3315 1023 3392 sineque
1042 3314 1146 3372 socios
1170 3314 1214 3372 ibi
1236 3313 1324 3371 obus-

179 3419 230 3457 sos
247 3405 470 3477 oppugnarunt.
503 3398 579 3476 Cylo
594 3407 693 3457 autem
713 3408 743 3457 et
760 3399 823 3457 eius
840 3400 933 3459 irater
950 3400 1027 3459 clam
1043 3400 1248 3475 aufugerunt3
1269 3418 1324 3456 cae·

179 3481 238 3543 teri
261 3484 339 3542 fame
359 3483 544 3562 consumpti,
561 3484 720 3560 ‘supplices
733 3483 771 3542 ad
788 3505 870 3544 aram
883 3505 960 3563 quse
975 3494 1041 3543 erat
1056 3485 1088 3542 in
1105 3505 1178 3543 arce
1191 3485 1324 3559 coniuge-

179 3577 261 3628 runt.
284 3568 343 3626 Sed
359 3588 411 3627 eos
425 3567 497 3627 inde
515 3567 664 3627 abductos
678 3569 895 3629 interemerunt
911 3571 943 3642 ii,
966 3569 1077 3647 quibus
1092 3572 1258 3628 commissa
1272 3577 1326 3626 erat

181 3651 266 3710 urbis
282 3651 429 3712 custodia.
475 3653 628 3724 Quosdam
645 3654 734 3712 etiam
749 3653 780 3712 in
801 3653 869 3734 ipso
884 3655 1010 3714 nansitu
1035 3663 1064 3712 et
1080 3674 1185 3733 prope
1207 3655 1326 3712 Deorum

83 3785 86 3794 .
183 3737 290 3796 attaris
305 3737 442 3796 sedentes
457 3737 681 3797 interfecerunt.
727 3738 813 3798 Unde
832 3739 916 3818 impii
932 3750 961 3798 et
979 3739 1102 3818 profani
1120 3740 1161 3798 sb
1179 3738 1327 3797 Athenian

182 3813 267 3879 sibus
291 3822 433 3899 appellati
458 3832 543 3895 sunt,
574 3833 603 3881 et
623 3824 653 3880 in
673 3824 795 3881 exilium
818 3827 892 3883 acti:
916 3823 1024 3883 ethoc
1046 3824 1231 3884 dictumest
1254 3821 1328 3900 Cylo-

182 3907 263 3964 nium
279 3902 374 3965 scelus
391 3906 454 3965 siva
475 3904 569 3966 labem
588 3905 729 3986 Cylonine
745 3906 844 3968 coedis
859 3910 992 3990 expiare.
1015 3911 1152 3969 Narrant
1167 3908 1329 3989 Thucydid.

182 3989 235 4049 lib.
253 3991 276 4049 l.
292 3995 374 4050 circa
387 3990 485 4067 tinem,
508 4002 539 4050 et
551 3992 732 4051 Plutarchus
750 4001 779 4052 tn
794 3996 914 4053 Solone.
938 4014 1129 4054 carrsnonn.
1202 4065 1203 4070 ἵ

270 4072 344 4154 Pssg·
368 4080 465 4150 1091,
487 4081 518 4140 7.
560 4076 594 4139 Ὁ
612 4075 685 4152 θεὸς
699 4064 769 4140 odie
790 4085 872 4142 νοῶν
888 4077 1001 4158 λέγεται
1016 4085 1135 4159 κυρίως
1152 4105 1180 4143 κ.
1193 4079 1244 4158 1.]
1262 4076 1331 4136 Vide

184 4159 285 4239 capita
306 4162 361 4218 CC.
381 4159 562 4238 'l'hcologica
582 4163 683 4223 Sancti
702 4164 825 4224 hlaxiuri
845 4174 916 4222 tom.
932 4164 968 4221 11.
991 4187 1059 4242 pag.
1077 4172 1155 4232 479.
1183 4167 1237 4225 uhi
1256 4167 1331 4225 locus

185 4244 238 4304 hic
259 4245 350 4322 paulo
370 4247 456 4304 aliter
478 4266 510 4304 se
529 4246 627 4307 habet.
669 4249 729 4307 Sed
751 4250 873 4308 videtur
892 4251 1041 4325 Gregorius
1065 4273 1128 4310 non
1152 4253 1191 4311 ad
1219 4252 1331 4310 verbum

186 4328 279 4388 huius
296 4333 391 4389 sancti
412 4330 599 4390 confessoris
626 4335 828 4393 testimonium
855 4336 990 4396 laudare.
1034 4334 1075 4395 Et
1095 4359 1172 4397 sanc
1194 4335 1332 4417 supinio-

185 4413 251 4472 nuit
268 4435 300 4472 se
314 4418 365 4475 SS.
385 4417 503 4474 Patrum
521 4418 703 4494 testimonia,
726 4430 777 4478 aut
793 4441 896 4479 eornm
911 4421 1017 4497 libros,
1041 4443 1117 4500 prae
1133 4425 1273 4483 manibus
1284 4441 1334 4481 nou

186 4496 307 4558 habere.
336 4500 410 4560 vide
429 4500 519 4561 huius
535 4505 745 4583 disputationis
760 4525 828 4584 pag.
844 4512 917 4571 681.
931 4507 965 4565 B.
1011 4528 1211 4572 carcasona.

272 4580 396 4644 Ibidem.
439 4581 507 4649 Ἵνα
529 4588 572 4670 μή
598 4583 746 4664 σύνθετος
775 4590 926 4678 λογισθῇ]
962 4591 1037 4653 Erat
1068 4595 1101 4655 in
1126 4595 1336 4678 manuscripto,
