2828 4792
337 255 576 386 ursanum
597 313 882 385 arsurumne
899 311 989 382 xus
1004 323 1033 392 ι.
1157 309 1231 384 οτι

123 477 146 566 ἢ
159 479 243 558 τίνος
259 477 299 546 ἀν
312 479 454 566 ἐφείσατο
473 467 631 565 λοιδορίας
646 477 726 545 κατδ
741 483 806 546 τῶν
819 473 1010 560 διωκόντων,
1029 481 1057 546 εδ
1071 485 1143 572 σκιᾷ
1156 487 1231 566 γοῦν
1248 497 1275 547 A.
1284 497 1313 548 c.
1327 495 1393 550 1851

123 609 183 649 τινι
195 575 436 669 περιετύγχανεν.
443 581 604 666 ἀληθείας.
632 581 670 647 οὗ
686 581 746 668 γάρ
767 573 1030 666 diiudicanda,
1057 579 1101 660 ὥς
1115 586 1149 648 ἐκ
1168 569 1394 689 uuidmgffin'

21 715 36 738 -’
123 693 182 754 rau
195 691 340 769 Παλαμᾶ
355 687 496 772 φαίνεται
515 682 614 770 λόγων
629 685 681 750 καί
697 689 836 767 βίβλων,
865 683 901 760 ὃς
921 687 1093 770 εἰσενεγκεῖν
1113 693 1153 774 τῇ
1173 695 1230 754 τοῦ

125 795 205 855 θεοῦ
225 789 368 878 ἐκκλησίᾳ
391 790 478 854 δοκεῖ
494 785 552 872 τήν
568 813 600 853 τε
619 793 682 854 τῶν
699 791 938 854 Μασσαλιανάι
960 787 1232 875 δοσσεβῆταιίτην

103 885 246 978 ὅαίρεσιν
268 894 320 958 καί
339 890 404 976 ἅμα
421 890 457 956 τὸ
476 897 533 974 τῆς
554 893 675 966 διθέίας
687 893 740 956 καλ
756 891 926 966 πολοθέίας
941 888 1095 975 ἐγκλημα·
1120 891 1192 958 ἀλλ’
1207 891 1258 960 du

125 983 287 1078 Βαρλαάμ
300 987 340 1079 ἦν
360 999 481 1078 μᾶλλον
506 989 523 1060 δ
546 1000 659 1060 τοῦτον
685 987 848 1078 εἰσάγοντα
870 996 981 1070 δείξας.
1007 992 1161 1071 Ἀκούσας
1171 995 1230 1084 γδρ
1336 1016 1341 1030 ’

126 1095 251 1186 (φησίν)
277 1093 304 1162 ὃ·
316 1097 473 1183 ἢρλαάμ
487 1101 551 1162 τῶν
564 1099 633 1184 περὶ
648 1096 704 1162 τδν
720 1101 881 1180 natando
893 1093 1044 1181 λεγόντων
1056 1097 1098 1162 τά
1109 1102 1158 1163 καί
1175 1099 1226 1178 τά,

126 1203 249 1276 διθείας
266 1199 402 1286 ἐγκλημα
420 1202 558 1266 τοοτοεσέ
579 1202 822 1287 προσετρίψατο.
850 1195 927 1290 δρᾷς
942 1201 1055 1287 ἐναργῆ
1071 1199 1129 1285 τὴν
1145 1227 1230 1286 μαρ-

124 1306 235 1389 τυρίαν
263 1303 358 1368 adada
388 1301 469 1367 καθ’
499 1298 598 1368 advari
626 1304 808 1385 κομίζοντα,
834 1303 957 1384 βέλτιον
977 1299 998 1387 ἢ
1022 1303 1102 1368 κατὰ
1132 1302 1227 1370 πάντ’

82 1417 119 1472 1⁰
126 1405 242 1491 ἐχδρδν
256 1409 307 1472 καί
322 1406 478 1488 πολέμιον.
504 1411 629 1492 πρῶτον
646 1407 704 1488 μέν
716 1405 774 1491 γάρ
789 1403 887 1472 αὐτοῦ
910 1407 1152 1492 κατηγορηκέναι
1173 1406 1230 1473 cdv

124 1509 299 1594 Βαρλαάμ,
333 1517 520 1594 σωματικοῖς
546 1507 729 1596 ὀφθαλμοῖς
757 1515 815 1572 τοῦ
839 1513 918 1573 θεοῦ
940 1507 996 1592 τὴν
1021 1508 1130 1574 οὐσίαν
1151 1507 1230 1602 δρᾷν

124 1612 371 1696 ἐγκαοχωμίνου,
398 1614 494 1699 φησί,
521 1619 616 1704 τοῦτο
636 1611 676 1694 δὴ
690 1611 727 1678 sd
743 1616 807 1676 τῶν
826 1615 1090 1677 Marcomannis-v
1106 1609 1172 1678 είτα
1193 1614 1229 1679 sd
1248 1627 1278 1681 Ρ.
1289 1629 1343 1685 580

124 1713 264 1802 ἀφοκτον
280 1721 338 1798 τῆς
351 1716 538 1800 κατηγορίας
553 1710 707 1800 ἐκφεύγειν
723 1714 917 1802 πειρωμένῳ,
946 1716 998 1778 καί
1014 1714 1157 1799 διαιρέσει
1172 1723 1230 1801 τῆς
1291 1755 1294 1761 ,

124 1823 199 1900 μιᾶς
210 1815 622 1918 τρισοποστάτοιιῇραιμένρι
640 1814 792 1901 θεότητος
805 1819 848 1894 είς
863 1816 972 1883 οὐσίαν
985 1819 1035 1882 καί
1042 1814 1145 1904 χάριν,
1164 1815 1229 1884 ἐτε-

82 1929 117 1987 15
126 1926 230 2007 ροφιιᾶ
251 1921 326 2002 μέν,
353 1913 498 1988 ἐλιττιστον
515 1922 550 1986 δέ
573 1919 756 2005 scindaris,
784 1922 905 1997 διθείας
926 1918 1062 2005 ἐγκλημα
1081 1924 1230 2008 προστρί-

123 2031 263 2105 ψασθαι.
290 2027 356 2088 Καὶ
372 2021 408 2089 sd
420 2047 452 2108 γε
463 2025 577 2104 μεῖζον,
595 2021 643 2092 ὅτι
657 2022 713 2100 τάς
728 2020 876 2098 τοιαύτας
890 2016 987 2100 αὖθις
1001 2022 1096 2100 αάτδς
1112 2025 1145 2089 ἐκ
1159 2027 1229 2090 δια-

124 2128 219 2211 δοχῆς
234 2128 418 2212 κατηγορίας
443 2124 586 2192 ἀναλύειν
607 2119 793 2213 πειρώμενος
818 2127 852 2191 ἐκ
870 2132 927 2192 τοῦ
948 2133 1086 2213 πονηροῦ
1103 2133 1231 2211 θησαυ-

12 2297 15 2302 ,
124 2235 182 2315 ροῦ
201 2236 257 2314 τῆς
277 2232 408 2316 καρδίας
432 2228 530 2294 αὐτοῦ
552 2231 585 2304 ἐς
608 2229 645 2297 sd
666 2226 898 2296 πολλαπλάσιον
923 2231 1078 2316 ἐμφανίζει
1100 2228 1230 2318 γράφων

123 2333 181 2416 τὴν
199 2333 299 2400 αὐτοῦ
322 2335 450 2412 κακίαν,
479 2335 530 2397 καλ
555 2342 621 2408 τοῖς
642 2335 764 2409 οίκείοις
790 2331 843 2418 ἀεί,
863 2343 988 2419 πτεροῖς
1016 2329 1258 2416 ἀλισιιδμενος,Β

80 2433 229 2522 zedemo
243 2441 348 2522 σειράς
360 2460 443 2512 τινος
462 2440 537 2518 μιᾶς
557 2435 731 2520 ἀρξαμένης
752 2437 870 2502 ἐκεῖθεν
893 2439 946 2501 καί
969 2432 1118 2520 ἀλλήλαις
1139 2439 1229 2524 ἐξηρ·

122 2541 258 2623 τημένας
276 2538 334 2615 τὰς
355 2540 560 2624 βλασφημίας
574 2535 720 2623 ἐχούσης,
746 2541 868 2622 μείζους
885 2542 936 2604 καί
948 2539 1071 2624 χείρους
1085 2536 1230 2624 ἀλλήλων

124 2640 180 2708 ἀεί.
215 2642 263 2709 Τδ
281 2640 341 2728 γὰρ
363 2638 464 2722 ὄνομά
487 2655 571 2718 τινος
588 2642 737 2726 ἐνεργείας
758 2641 838 2707 καθ’
859 2638 937 2709 αὖτδ
960 2640 1227 2727 προστησάμενον,

123 2744 219 2811 οἱονεί
225 2743 265 2810 ’τι
278 2744 365 2829 γένος
384 2746 427 2821 εἰς
442 2741 600 2832 ἀπειράκις
618 2743 764 2834 ἀπείρους
786 2747 913 2832 διαιρεῖν
930 2743 1096 2820 ἀκτίστοιις
1112 2740 1229 2829 θεότη-

193 2923 237 2979 11.
254 2915 325 2994 ὁρᾶν
337 2921 399 2978 εδδ.
414 2921 492 2981 Bois.
562 2923 607 2979 18.
623 2919 742 2995 γράφων
755 2941 804 2979 em.
816 2923 893 2980 Bois.
905 2940 952 2995 pro
967 2925 1094 2994 γραφεῖα.
1178 3007 1180 3014 Α

58 3133 63 3142 ,
122 3076 217 3148 quibus
233 3075 395 3147 pepercisset
411 3074 549 3143 consitiis,
566 3074 589 3128 si
608 3075 652 3130 vel
672 3076 783 3199 adipeam
797 3075 917 3130 veritatis
929 3077 1042 3130 ambram
1057 3079 1148 3131 nectus
1162 3075 1230 3130 iuis-

123 3147 186 3232 ηελλ
211 3147 350 3200 Enimvero
367 3161 418 3198 non
430 3145 606 3228 'Barlaamun
630 3147 701 3230 utP
728 3163 798 3199 arnas
817 3145 896 3200 dietis
913 3155 942 3199 et
961 3146 1067 3215 scriptis
1086 3145 1229 3229 signifieat,

122 3213 1229 3354 'diffidxddffizdzt'zdfflsgundesindideindidit:

123 3353 168 3424 qui
185 3353 331 3408 inveheret.
374 3352 456 3417 Cum,
473 3351 575 3434 inquit,
593 3353 734 3406 audivisset
757 3355 906 3407 Barlaamus
922 3354 1051 3407 Palamam
1071 3356 1135 3406 haec
1149 3361 1229 3422 atqua

122 3423 346 3486 ausonensem,
364 3421 390 3474 ei
403 3421 499 3476 crimen
511 3421 614 3486 seruiit,
631 3423 705 3492 quasi
721 3423 786 3476 duos
802 3423 873 3476 Deos
888 3422 1020 3476 statuenti.
1055 3423 1136 3476 Vides
1147 3422 1229 3492 ipsum

123 3499 216 3546 conus
228 3510 272 3556 ss,
289 3491 379 3544 melius
392 3490 495 3544 inimico
507 3498 535 3542 et
552 3491 626 3544 hoste
639 3493 768 3561 quolibet,
786 3491 956 3545 testimonium
974 3493 1045 3546 ferre
1066 3492 1229 3545 luculentum.

122 3561 211 3614 Primo
228 3561 296 3614 erum
312 3561 350 3614 ait
362 3578 406 3622 se,
423 3559 492 3628 quod
507 3559 558 3612 Dei
570 3561 739 3614 substantium
751 3563 884 3644 corporeis
895 3561 978 3614 oculis
994 3560 1085 3614 videre
1103 3560 1230 3629 gloriare·

123 3635 183 3694 tur,
201 3638 349 3684 accuratum
365 3646 380 3682 a
395 3627 547 3692 Barlaam03
570 3628 770 3683 Massalianismi
782 3631 922 3684 videlicet:
946 3629 1041 3682 deinde
1055 3630 1158 3682 conanti
1179 3628 1230 3682 sibi

123 3697 180 3752 eius
196 3699 366 3754 accusationis
385 3699 437 3751 vim
455 3696 631 3751 inevitabilem
649 3700 782 3766 effugere,
805 3709 833 3752 et
845 3699 1024 3763 divinitatem,
1042 3715 1110 3768 quae
1124 3714 1176 3750 una
1188 3703 1230 3750 est

122 3767 249 3822 iu‘tribus
261 3767 393 3838 personis,
407 3766 534 3820 dividenti
549 3767 578 3819 in
592 3767 767 3821 Substantiam
779 3776 807 3821 et
821 3769 949 3830 Gratiam,
966 3775 1058 3821 natura
1072 3767 1175 3837 quidem
1188 3766 1229 3818 di-

123 3854 241 3902 versam,
265 3837 314 3890 sed
331 3838 413 3906 ipsam
436 3853 538 3904 quoque
552 3835 707 3901 increatam,
730 3838 780 3892 sibi
796 3837 900 3907 inquam
915 3837 1012 3890 crimen
1027 3836 1066 3888 ait
1083 3837 1181 3889 iliatam
1194 3835 1229 3886 ab

123 3905 213 3960 eodem
230 3907 328 3969 inisse,
345 3905 422 3976 quasi
438 3905 569 3974 duplicem
587 3905 747 3960 divinitatem
765 3905 926 3974 agnoscenti.
966 3906 1037 3969 Iam,
1054 3905 1125 3974 quod
1146 3903 1230 3956 maius

123 3983 180 4038 est,
198 3993 229 4028 ea
241 3977 349 4029 crimina
360 3974 466 4028 alternis
483 3975 644 4028 recurrentia
658 3975 717 4028 dum
737 3978 795 4046 ipse
809 3993 899 4028 rursus
919 3973 1019 4028 diluere
1035 3978 1157 4032 conatur.
1175 3988 1230 4024 ms·

122 4042 202 4098 iorem
214 4045 294 4098 multo
309 4043 431 4098 malitiam
443 4060 514 4096 suam
526 4060 559 4097 ex
572 4043 636 4096 maio
649 4043 735 4098 cordis
752 4045 792 4098 sui
807 4047 929 4104 τίιειιιιτο
947 4058 1096 4113 expressam
1114 4040 1230 4103 exhibet,

123 4119 152 4166 et
165 4115 278 4184 propriis
292 4114 408 4184 quotidie
440 4112 514 4166 lumin
529 4121 621 4181 captus
634 4121 755 4178 tenetur,
774 4117 885 4182 quadam
903 4112 976 4166 velut
991 4110 1125 4180 impiarum
1137 4125 1230 4162 vocum

122 4193 215 4236 catena
232 4183 295 4238 inde
311 4200 395 4252 usque
429 4189 506 4246 acta,
524 4198 556 4234 ex
571 4199 600 4234 se
617 4182 727 4236 invicem
743 4199 879 4246 nexarurn,
896 4189 924 4234 et
938 4180 1044 4234 aliarum
1060 4177 1117 4232 aliis
1129 4193 1231 4247 semper

121 4252 268 4318 graviorum
277 4259 306 4305 et
318 4252 484 4306 deteriorum.
520 4250 590 4302 Nam
603 4251 759 4320 operationis
770 4251 902 4304 cuiusdam
916 4267 1008 4303 nomen
1021 4247 1161 4318 separatim
1175 4247 1233 4316 pri-

120 4337 162 4374 mo
175 4322 310 4391 posuisses
327 4321 421 4374 deinde
434 4319 515 4383 iilud,
531 4327 653 4390 unquam
663 4337 762 4390 genus,
779 4322 807 4374 in
814 4319 941 4390 intinities
955 4317 1070 4372 infinitas
1081 4314 1233 4371 divinitates

190 4408 354 4478 nuspiam
368 4411 479 4480 ωερε.
506 4406 562 4463 νει.
581 4407 618 4462 ιι.
981 4393 1024 4458 69

106 4497 123 4530 δ’
