2706 5160
151 671 227 748 590
458 679 693 750 NlCEPHORI
713 678 955 750 GREGORAE

38 857 62 908 Ι.
75 847 437 934 6849συνδεδραμηκυΐαν
459 844 540 912 κατὰ
557 843 595 910 τὸ
608 839 760 930 ἀνάλογον
777 845 829 910 καλ
851 837 1016 929 άρμάττον.
1043 843 1112 916 rare
1123 839 1180 923 μέν
1194 839 1253 926 γάρ

38 925 263 1052 [Ἢῃάρχαῖς
286 950 327 1016 τὰ
348 950 422 1034 τέλη
432 997 444 1029 ,
470 956 536 1023 τοῖς
556 947 592 1014 δὲ
615 946 731 1018 τίλεσιν
744 945 777 1012 αἱ
797 946 889 1034 ἀρχαλ
903 946 959 1030 τὴν
977 944 1161 1030 συμφωνίαν
1176 940 1255 1026 ἀκή-

126 1061 250 1142 Ιλρατον
261 1050 394 1137 πάμπαν
407 1047 579 1138 εἰλήφεσαν.
634 1047 706 1138 (Δ.)
726 1049 896 1135 Ἔγνωστοιι
908 1047 968 1135 γάρ
982 1045 1079 1113 ἅπασι
1087 1095 1099 1127 ,
1132 1045 1177 1129 μὴ
1195 1042 1256 1128 μά-

153 1182 207 1224 νον
216 1154 380 1241 Ῥωμαίοις
394 1153 615 1237 καίἛλλησιν,
643 1151 724 1218 ἀλλά
738 1154 788 1218 καὶ
804 1149 889 1228 ὅσοις
902 1151 1005 1218 itinero
1019 1148 1190 1215 πολυειδέσι
1204 1149 1256 1214 καλ

153 1258 328 1348 βαρβάροις
349 1257 425 1325 εἶναι
446 1257 640 1340 συμβέβηκε,
664 1255 744 1339 μετὰ
770 1256 861 1332 ποίας
879 1250 1054 1342 πραότητος
1075 1254 1283 1318 καλάμοιο-5

154 1360 250 1448 σῦνης
264 1373 333 1438 ταῖς
355 1361 464 1447 ἀρχαῖς
486 1356 637 1446 ἐχρήσατο
659 1363 723 1424 τῶν
745 1354 935 1446 πραγμάτων
952 1351 1274 1438 ῦΚαντακουζηνάς·’

153 1466 234 1550 μετά
244 1469 336 1540 ποίας
349 1464 382 1530 δ’
398 1456 439 1530 αῦ
452 1469 509 1547 τῆς
522 1462 700 1547 μοχθηρίας
715 1463 766 1526 παλ
778 1461 898 1537 ἀδικίας
913 1456 1138 1536 ἀἈπάκαυκος.
1165 1457 1257 1542 ἕγνω-

53 1583 84 1636 Ρ.
99 1581 230 1637 866σται
246 1571 266 1634 δ
272 1568 283 1594 ²
302 1559 342 1634 ari
361 1564 486 1650 ὁμοίως,
512 1567 563 1632 καί
577 1561 670 1640 ὅσους
688 1562 763 1640 τοῦς
777 1561 922 1640 διαύλους
938 1565 989 1629 καί
1002 1562 1043 1628 τά
1057 1565 1259 1644 παλαίσματα

154 1671 269 1759 μεταξδ
287 1677 349 1738 τῶν
362 1677 420 1756 τῆς
432 1670 541 1746 κακίας
557 1667 711 1751 Τελχίνων
725 1666 954 1752 ἀρχησαμίνων,
981 1669 1025 1742 είς
1043 1661 1108 1731 οἷον
1120 1663 1161 1730 τὰ
1176 1659 1258 1747 πρά-

154 1800 259 1861 γματα
279 1770 460 1858 κατηντῆκει
486 1771 523 1840 τδ
554 1770 668 1860 πέρας,
701 1775 758 1835 τοῦ
783 1775 860 1836 θεοῦ
882 1764 1058 1848 δικάζοντος
1080 1770 1133 1833 καλ
1156 1766 1259 1832 ἀθλο-
1267 1771 1303 1825 10

155 1883 331 1964 δινοῦντος
354 1879 386 1954 ἐξ
416 1875 573 1962 ἀφανοῦς,
607 1876 659 1939 καλ
681 1869 853 1961 ἀφθάγγοις
878 1875 928 1938 καὶ
944 1869 1121 1948 σιωπαίσαις
1140 1877 1260 1957 φωναῖς

157 1977 420 2054 ἀναδιδάσκοντος
433 1977 593 2058 ἅπαντας,
622 1977 746 2062 ἀγαθῆς
759 1976 964 2062 προαιρέσεως
975 1973 1074 2061 ἀρχάς
1097 1975 1148 2039 καὶ
1162 1971 1261 2058 πηγάς

156 2084 339 2170 προτιθίναι
360 2087 424 2148 τεῦν
446 2081 563 2148 οἰκείων
586 2077 700 2166 ἴργων,
735 2075 783 2156 οἷς
803 2078 881 2165 πρὸς
895 2074 1075 2162 βουλήσειῦς
1096 2077 1161 2142 ἔστι
1181 2075 1261 2141 κατὰ

157 2194 231 2253 νοῦν
251 2195 421 2271 προχωρεῖν
445 2182 568 2270 ἀγαδδν
581 2182 619 2248 τὸ
642 2179 796 2269 γεώργιον.
823 2186 850 2248 ελ
869 2181 915 2266 μὴ
932 2182 991 2267 γὰρ
1011 2190 1081 2257 ταῖς
1093 2185 1156 2245 τῶν
1179 2181 1265 2262 ἐμοῦν-

131 2292 299 2356 anenno
319 2289 535 2374 καινοφωνίαις
555 2282 572 2351 ὃ
593 2285 850 2370 Καντακουζηνδς
874 2283 1035 2350 δπωσποτε
1065 2282 1263 2368 παρενεχθεὶς
1271 2286 1305 2341 15

157 2389 263 2477 χώραν
291 2391 413 2464 ίκείνοις
434 2394 475 2476 τῇ
493 2392 550 2455 τοῦ
571 2392 650 2454 θεοῦ
673 2389 816 2477 ἓκκλησίρι
838 2384 932 2471 ζάλην
954 2395 1161 2472 προσενεγκεῖν
1182 2383 1262 2450 κατά

157 2493 215 2578 τὴν
229 2494 376 2573 βασιλίδα
392 2490 505 2558 Ἄνναν
520 2490 573 2556 καλ
589 2488 684 2566 αὐτὸς
703 2489 840 2557 ίδεδάκει
847 2539 859 2571 ,
885 2486 1047 2576 κράτιστος
1061 2487 1100 2554 ἀν
1110 2488 1263 2571 βασιλίων

159 2596 289 2682 ίγίνετσ,
316 2597 368 2660 καλ
390 2590 457 2677 ἅμα
478 2593 519 2659 τά
530 2590 689 2674 Ῥωμαίων
702 2590 868 2678 πράγματα
881 2594 1028 2678 μεγίστην
1042 2591 1081 2658 ἀν
1097 2591 1142 2657 δι’
1163 2590 1261 2657 αιἰτοῦ

160 2699 218 2782 τὴν
241 2699 377 2763 ἐπίδοσιν
402 2693 603 2780 ἀνελάμβανε.
638 2702 694 2762 νῦν
721 2697 756 2762 δὲ
778 2696 830 2763 διά
857 2698 967 2762 κακιάν
990 2695 1092 2762 ἀλλων
1124 2689 1263 2772 αἶ’τιοςῦ

161 2797 339 2888 πραότατος
356 2805 414 2883 τῆς
427 2806 491 2866 τῶν
507 2797 587 2865 ὅλων
600 2796 704 2877 ἔδοξεν
720 2795 797 2866 εἶναι
812 2805 950 2886 φθοράς.
1271 2797 1308 2854 2⁰

129 2915 154 2970 c
237 2901 276 2980 ς’.
296 2903 418 2989 Ἔργοις
434 2927 468 2988 γε
496 2901 558 2988 μὴν
578 2900 684 2978 αάτοῖς
697 2898 778 2989 ἀροῦν
799 2899 1017 2978 ἀἍπάκαυκος
1029 2903 1072 2978 είς
1085 2899 1265 2968 τοῦναιπίον

161 3007 247 3096 αῦτῷ
263 3005 302 3072 τὰ
317 3011 374 3090 τῆς
386 3007 494 3082 κακίας
507 3003 615 3092 ἴνεδρα
630 3012 863 3092 προχωροῦντα,
891 3007 943 3072 καὶ
958 3004 1051 3082 κακὸς
1067 3006 1100 3070 ἐκ
1114 3011 1171 3070 τοῦ
1186 3029 1266 3085 προ-

161 3116 279 3196 φανοῦς
297 3105 491 3194 ἐλεγχόμενος
512 3104 587 3174 εἶναι
597 3156 608 3188 ,
636 3107 692 3173 οῦκ
714 3109 854 3196 ἠρυθρία
875 3105 1070 3192 τοΐςάμοίοις
1091 3104 1277 3192 ἐπιβάλλων-

163 3213 227 3279 ἀεί·
258 3214 433 3280 καὶταῦτα
458 3216 521 3278 τῶν
544 3208 641 3278 πάλαι
661 3218 769 3301 σοφῶν
790 3209 1010 3296 θαυμάζοντος
1030 3207 1152 3278 άκοάων
1170 3209 1264 3292 τινδς,

161 3445 280 3516 portione
295 3449 324 3500 et
336 3443 517 3500 eonveniantia
530 3442 648 3514 quadam.
683 3442 805 3516 Namque
819 3449 847 3498 et
862 3444 999 3516 prinaipiia
1011 3449 1127 3498 extrema
1140 3447 1169 3496 et
1180 3445 1266 3496 extre-

162 3515 210 3568 mi·
228 3515 358 3584 principia
377 3513 565 3583 perfeetiaaime
585 3513 750 3584 reapondent.
785 3513 861 3583 (IV.)
884 3515 982 3569 Notum
1000 3512 1123 3566 videlieet
1142 3509 1268 3574 omrribua,

163 3599 214 3636 non
232 3583 312 3636 roiam
324 3583 446 3636 Romania
460 3592 488 3634 at
499 3583 627 3646 Graecia,
644 3583 692 3635 aed
706 3588 733 3634 at
744 3583 861 3636 barbaria
878 3590 906 3636 et
922 3583 980 3636 eiiia
993 3581 1187 3654 quibuaeanque
1202 3595 1268 3646 gen-

161 3651 253 3715 tibue,
274 3659 369 3720 quanta
389 3650 492 3720 quidem
513 3651 620 3704 ienitate
640 3659 669 3704 et
682 3650 782 3704 iustitia
795 3653 993 3706 Cantaenaanne
1010 3652 1037 3703 in
1051 3667 1137 3703 rerum
1153 3663 1214 3700 uana
1232 3647 1268 3700 rit

162 3717 260 3782 initiia‚
272 3729 374 3788 >quanta
387 3727 472 3772 autem
488 3720 652 3788 improbitate
667 3727 693 3773 et
707 3719 834 3773 iniustitia
850 3723 1011 3791 Apocaucua.
1046 3719 1142 3772 Natum
1177 3717 1269 3780 ariter,

164 3796 224 3859 poet
239 3795 303 3858 quot
323 3787 449 3858 repetitor
463 3805 568 3851 emano,
592 3794 650 3858 poet
668 3796 731 3858 quot
749 3789 919 3859 paiaertriooe
938 3788 1146 3860 nequissimorum
1160 3735 1269 3838 i'elcht-

165 3855 333 3923 nunnitus,
356 3857 481 3926 quemad
499 3857 594 3910 exitum
611 3875 653 3910 reo
672 3858 812 3926 perductae
830 3858 899 3922 ainta
922 3860 978 3913 Deo
997 3857 1095 3911 arbitro
1116 3863 1143 3908 at
1156 3853 1270 3926 praemia

165 3931 294 3979 statuente
307 3943 341 3978 ex
353 3925 463 3989 occuito,
480 3925 608 3996 mutisque
619 3935 646 3978 et
660 3925 748 3979 tacitia
760 3927 867 3980 vocibua
881 3944 967 3982 omnen
980 3928 1094 3981 homines
1107 3925 1270 3987 admonente,

163 4004 195 4116 ii
202 3991 1269 4136 itit'titiiiittssiti:iiiiiinittnrfflititiiffiiii:

164 4141 322 4198 terraenae,
337 4133 411 4186 novia
425 4143 614 4203 persecutorum
625 4151 736 4187 meorum
749 4134 875 4187 doctrinis
890 4145 1021 4206 utcunque
1034 4136 1167 4204 abreptus,
1184 4131 1268 4184 iocnrn

166 4201 205 4254 eir
219 4201 349 4266 dedisset,
367 4202 443 4255 aienti
460 4203 711 4272 Annaimperatrix‚
734 4203 895 4257 invehendae
913 4205 940 4258 in
957 4205 1007 4258 Dei
1029 4203 1163 4258 eeclesiam
1182 4199 1270 4254 turbi-

165 4271 285 4326 diaairnae
298 4271 472 4341 tempeetatir‚
489 4271 725 4340 praestantiaaimna
741 4281 812 4325 certa
826 4272 1005 4342 imperatorum
1020 4274 1128 4336 iuiaeet,
1145 4269 1271 4338 riuniqua

164 4340 310 4409 accepisset
328 4341 442 4394 Romane
460 4358 505 4394 rea
519 4340 650 4393 maximum
665 4343 697 4393 ab
713 4357 745 4393 eo
758 4341 947 4396 incrementum.
981 4343 1060 4397 Nune
1080 4359 1144 4395 vero
1163 4338 1270 4392 aliorum

165 4411 264 4466 acalere
275 4411 396 4464 effectum
409 4415 458 4473 eat,
476 4417 505 4462 ut
517 4410 561 4479 qui
574 4409 720 4462 mitiaaimna
734 4417 791 4462 erat
805 4409 949 4480 perditione
962 4411 1045 4465 omnia
1057 4411 1200 4464 videretur.

234 4482 259 4533 6.
278 4481 430 4548 Quanquam
444 4487 538 4532 eventu
549 4479 606 4547 ipro
622 4477 724 4531 viderat
735 4482 904 4548 amnuens,
921 4489 1012 4534 eontra
1024 4497 1099 4550 quarn
1110 4483 1271 4548 oneraverat,

166 4548 292 4600 canidiaeo
310 4548 360 4601 ribi
377 4546 482 4600 frauder
500 4555 528 4602 et
544 4546 668 4610 inridier,
692 4563 723 4599 ao
745 4547 896 4601 meniieatae
917 4549 1089 4620 improbitatia
1109 4553 1270 4614 argueretur,

167 4633 217 4668 non
235 4627 319 4670 tamen
334 4615 504 4669 erubescebat
518 4615 605 4669 eadem
619 4632 720 4684 semper
734 4623 882 4679 attentam
900 4617 977 4686 itique
992 4615 1207 4675 condrucium,
1224 4613 1273 4664 mi-

166 4693 250 4738 ratum
262 4703 320 4740 aare
331 4685 457 4754 quondan
471 4703 504 4739 ax
518 4685 651 4742 veterino·
664 4683 840 4756 sapientiam,
858 4703 910 4740 nou
922 4687 991 4759 quod
1010 4685 1159 4754 navigasset
1170 4682 1273 4751 aliquia,
