2724 5168
273 689 506 758 HISTORIAE
524 686 803 758 BYZANTINAE
817 687 965 760 XIII-12.
1088 679 1164 754 685

20 920 21 923 ,
113 851 149 917 τίν
167 854 279 920 δοθέντα
301 852 382 918 κατά
403 852 438 919 τὸ
459 852 594 937 λεληθὸς
618 847 798 939 δράξασθαι
817 847 926 918 τύπου.
954 848 1104 940 προφάσει
1126 852 1161 917 δ’
1181 864 1328 924 Α.ο.1343

19 946 20 949 ¹
110 958 184 1055 ἀκιῶγ
195 955 330 1023 πλειόνων
347 956 391 1022 ἔτι
404 958 455 1021 καὶ
467 953 629 1040 μειζόνων,
656 962 714 1040 τῆς
723 957 829 1043 χρείας
846 959 944 1040 δῆθεν
956 961 1018 1021 τῶν
1030 941 1264 1060 εέσκομι-Ῑωήζὲᾗ·
1275 941 1325 1064 ga·

15 1102 19 1139 ,
110 1059 205 1139 ζομίνων
224 1057 452 1144 ἀναγκαζούσης
472 1061 524 1124 καλ
551 1065 615 1125 τῶν
643 1057 722 1144 πρὸς
750 1058 808 1143 τήν
834 1065 948 1145 πρῶσιν
973 1060 1024 1124 καλ
1049 1057 1165 1144 ἀγορῶν
1263 1046 1269 1059 ’

107 1163 293 1246 προτιθεμένων
306 1163 424 1243 ὠνίων,
451 1161 713 1249 εύρνχωροτέρονς
732 1162 870 1228 ἐτίθεντο
891 1160 964 1236 τούς
979 1167 1041 1226 τῶν
1054 1159 1164 1227 σκολύ-

92 1279 153 1333 5των
168 1291 194 1331 τε
214 1268 262 1331 καὶ
283 1262 414 1352 τάφρων
434 1265 552 1345 ἴλικας,
590 1267 641 1330 καλ
671 1270 777 1348 τειχῶν
801 1261 970 1331 ύπετίθουν
999 1266 1160 1351 κρηπῖδας,

103 1363 210 1444 μειζόνων
231 1370 362 1434 ἐλπίδων
387 1369 565 1454 ἐπαγγελίαν
590 1364 737 1451 ἐχούσας·
777 1370 829 1434 καὶ
853 1366 934 1434 otro
964 1366 1094 1452 σμικρὸν
1116 1368 1165 1430 ἐπὶ

103 1478 187 1561 σμικρῷ
212 1472 349 1547 τιθέντες
376 1469 467 1536 πόλιν
489 1472 605 1558 ἓχνρῶς
627 1477 682 1535 τοῦ
703 1472 895 1553 τειχίσματος
923 1470 1053 1553 ἔχουσαν
1071 1492 1191 1544 κατε-ι)

99 1569 237 1653 στήσαντο·
264 1571 308 1649 ῶς
329 1575 361 1639 ἓν
383 1576 501 1662 βεβαίῳ
522 1573 579 1657 τήν
603 1581 665 1639 τῶν
691 1572 890 1639 ἐνοικούντων
912 1570 1080 1659 ἀσφάλειαν
1102 1571 1163 1656 ἤδη

99 1681 213 1758 κεῖσθαι,
241 1677 350 1760 καὶμὴ
368 1677 497 1763 εὐχερῶς
520 1673 578 1763 ὕφ’
611 1673 805 1760 ὅτωνῶήποτε
830 1675 907 1760 ἐχειν
919 1681 1162 1761 πολιορκεῖσθαι.

68 1773 149 1862 ίθήά.)
171 1786 221 1868 Τῷ
240 1780 280 1864 δή
304 1778 435 1870 τοιούτῳ
458 1775 666 1865 προτερήματι
692 1779 765 1856 τούς
787 1782 949 1855 Λατίνους
972 1780 1166 1864 ἔπαρθίντας

94 1879 150 1961 πρὸς
161 1883 192 1948 τὸ
204 1880 487 1969 ὑπεροπτικώτεροι
502 1880 603 1959 αύξειν
617 1882 775 1964 σανίβαινε
789 1882 846 1966 τήν
868 1890 957 1968 σφῶν
973 1881 1075 1947 αύτῶν
1089 1905 1163 1966 συγ-

91 1990 144 2066 γενῆ
153 1992 203 2069 τῆς
215 1968 389 2062 αύθαύείας
402 1983 530 2070 κηλῖδα·
545 1981 588 2060 ῶς
602 1986 635 2048 ἐκ
648 1991 704 2050 τοῦ
718 1987 854 2068 μείζονος
867 1985 927 2069 ήδη
943 1987 992 2049 καλ
1007 1994 1071 2059 τοῖς
1085 1984 1164 2048 κατά

90 2084 232 2170 σονήθειαν
253 2096 414 2175 προσιοῦσι
433 2085 575 2163 Σκύθαις
589 2087 644 2163 τάς
665 2086 839 2174 ἀποκρίσεις
852 2085 979 2153 ύιῶύναι.
1008 2085 1078 2169 άρτι
1099 2088 1164 2151 τοί-

88 2188 434 2278 νονθρασύτερονολάγον
454 2190 592 2267 ἀποδούς
605 2186 653 2255 ἑνί
664 2214 723 2254 τινι
737 2195 799 2255 τῶν
812 2192 844 2255 ἐν
860 2197 899 2278 τῇ
916 2190 1014 2280 ἀγορᾷ
1031 2194 1195 2258 §manvu

58 2303 119 2365 ltus
136 2301 196 2359 τῶν
215 2293 258 2359 τά
280 2293 357 2360 ῶνια
375 2293 565 2377 κεκτημένων
584 2294 735 2359 Λατίνων
760 2289 864 2376 μύωπι
894 2293 1063 2376 πέπληκται
1088 2291 1166 2378 πρὸς

83 2401 124 2458 τοῦ
140 2394 278 2464 Σκύθου.
307 2393 372 2462 ὁδ’
389 2395 484 2471 εύθύς
504 2395 600 2462 ἀνεῖλε
620 2399 699 2482 ξίφει
719 2395 774 2460 τὸν
796 2397 967 2462 παίσαντα·
994 2398 1045 2460 καὶ
1064 2392 1165 2481 θόρν-

79 2501 125 2575 βος
145 2501 288 2565 ἐντεῦθεν
313 2498 374 2564 ἀνῶ
395 2499 452 2582 τήν
475 2497 590 2584 ἀγσριλν
610 2498 821 2564 διεσκίδαστοιι
846 2494 929 2564 πάνυ
951 2523 999 2563 τοι
1014 2504 1163 2574 πλεῖστος.

79 2599 133 2688 (Ε.)
149 2608 253 2668 Τοῶτο
270 2601 348 2687 πρὸς
361 2595 426 2667 ῶτα
446 2597 605 2686 γενόμενον
624 2609 671 2690 τῷ
694 2607 756 2666 τῶν
771 2608 906 2667 Σκυθῶν
928 2601 1050 2690 ἀρχηγῷ
1074 2600 1167 2686 ὀργῆς

77 2701 225 2791 ίπεπράχεκ
251 2702 354 2789 πλήρη
378 2706 429 2769 καλ
451 2709 558 2786 θνμοῶ
581 2710 776 2790 βαρβαρικοῦ
790 2700 922 2787 μεστόν·
948 2701 1168 2790 περιφρόνησιν

47 2805 123 2892 λάγάρ
145 2805 261 2873 ἑαυτοῦ
281 2806 338 2891 τήν
357 2808 503 2892 μεγίστην
527 2803 658 2871 εἶναιτὸ
680 2813 807 2893 πρᾶγμα
828 2804 938 2897 ᾠήθη,
974 2806 1052 2893 πρὸς
1070 2806 1194 2888 μίσηνῐτ

72 3009 238 3078 λάττεσθαι
263 3018 320 3076 roci
345 3013 456 3077 οέκείοκι
482 3007 581 3077 τύπου
604 3010 661 3095 τήν
678 3014 826 3096 ταχίστην
849 3011 962 3078 ἀκίλευε
976 3011 1167 3086 τούςΛατί-

71 3139 145 3191 τους.
175 3115 207 3180 oi
232 3114 266 3179 tt
284 3114 362 3200 πρὸς
381 3112 461 3179 ὅπλα
472 3110 688 3198 χωρήσαντες,
715 3116 767 3179 καλ
779 3115 836 3199 τήν
849 3111 937 3180 πόλιν
954 3110 1167 3199 ἀσφαλισάμε-

71 3241 112 3281 νοι
120 3267 132 3298 ,
160 3216 288 3304 τραχίσι
306 3214 407 3301 λύγοις
424 3217 476 3281 καλ
499 3213 708 3304 ύπερηφάνοις
724 3216 796 3293 τούς
819 3218 959 3302 πρέσβεις
971 3215 1166 3299 ἀπέπεμψαν.

42 3326 158 3387 braosa
180 3319 260 3404 πρὸς
277 3317 408 3403 ἐσχάτην
431 3318 554 3403 ἐξέμηνε
572 3318 626 3386 τῶν
646 3315 775 3403 Σκύθην
793 3319 886 3406 ἀργήν
900 3316 964 3384 λ’τι·
991 3321 1042 3383 καὶ
1054 3330 1167 3406 μοῖραν

132 3434 159 3488 1.
176 3429 270 3486 τύπον
286 3430 361 3485 Rois.
379 3447 426 3500 pro
443 3428 559 3498 τρόπον.
629 3433 672 3486 12.
695 3434 756 3495 ’τοῖς
771 3431 847 3484 Βοίτ.
865 3447 912 3500 pro
927 3431 987 3498 τῆς.

66 3531 127 3599 poro
139 3518 336 3599 occupaverint.
369 3517 449 3570 Plura
465 3535 528 3571 veru
542 3522 570 3569 et
579 3517 676 3570 maimo
691 3515 810 3580 aedificia
824 3516 971 3568 exstruendi
984 3515 1170 3598 causa.(quasi

66 3594 221 3656 tmportatae
236 3603 351 3639 aaronitae
364 3593 392 3638 et
403 3604 445 3638 res
460 3586 493 3639 ad
506 3585 666 3650 vendendum
680 3585 862 3654 ementiumque
875 3586 1024 3654 propositae
1035 3592 1171 3654 erigerent

61 3654 838 3806 ἙλλἙἙλλλλλἙλῖἙἙλλλλλἙω
851 3661 1120 3794 nutritiis:
1131 3654 1171 3776 λ

59 3792 161 3914 itit
175 3792 1170 3931 λλλλλλλλλλλιἙἙἙλλἙλλιλλλλλλξολλ

56 3931 145 3998 (Ν.)
164 3929 207 3981 Eo
222 3947 341 3982 successu
356 3930 432 3982 animi
444 3930 591 3983 Latinorum
604 3929 642 3981 sio
656 3929 717 3982 elati
729 3936 804 3992 sunt,
821 3935 852 3983 ut
868 3931 1025 3999 arrogantia,
1037 3947 1118 3999 squam
1131 3929 1170 3982 illi

56 3995 151 4052 labem
163 3998 305 4066 ingenitam
321 3998 416 4068 alioqui
429 3999 535 4062 habent,
553 3997 672 4050 maiorem
686 3999 713 4050 in
728 3999 926 4061 modumsuae,
943 3999 993 4052 iam
1006 4000 1078 4067 quasi
1092 4015 1170 4068 supe·

54 4068 137 4119 tiore
153 4067 189 4119 de
205 4068 260 4119 ioco
275 4067 379 4135 Scythis
393 4068 427 4119 de
439 4085 508 4120 more
521 4066 674 4119 adeuntibus
688 4084 812 4136 responsa
827 4068 971 4141 redderept
1005 4069 1097 4138 ltaque
1111 4085 1169 4122 cum

54 4134 220 4188 insolentius
238 4136 282 4187 uni
297 4153 382 4188 eorum
395 4136 564 4205 Scytharum,
580 4135 625 4204 qui
641 4135 668 4186 in
681 4136 739 4189 foro
756 4143 845 4202 crant,
861 4137 1039 4206 respondisset
1052 4155 1117 4190 uuus
1136 4154 1170 4189 ex

57 4203 172 4256 Latinis
186 4204 385 4287 mercatoribus,
402 4221 460 4257 eum
473 4205 573 4287 §cytho
590 4204 689 4257 stimulo
708 4205 829 4274 percutit.
865 4206 912 4259 ille
928 4223 1002 4270 cum,
1018 4223 1095 4276 aquo
1107 4221 1169 4273 per-

58 4289 159 4325 cussus
172 4274 276 4336 iuerat,
298 4273 386 4342 gladio
407 4274 541 4326 interimit.
575 4272 712 4326 Tumultus
727 4273 788 4327 inda
802 4274 926 4344 plurimus
943 4276 1025 4328 torum
1040 4290 1170 4343 pervaga-

61 4350 119 4394 tur.
156 4341 220 4408 (V.)
236 4342 279 4394 Ea
293 4359 323 4394 re
337 4341 427 4394 audita
443 4343 595 4410 Scytharum
608 4341 730 4411 princeps
745 4342 785 4395 ira
801 4343 915 4412 percitus
928 4350 955 4397 ct
969 4343 1061 4425 spiritu
1073 4343 1169 4393 barba-

62 4409 122 4463 rico
135 4409 227 4479 plenus
244 4411 316 4478 (nam
331 4411 437 4463 maximo
451 4409 492 4461 sui
507 4417 651 4478 contemptu
664 4411 759 4463 factum
772 4429 831 4464 esse
844 4412 927 4475 duxit,
944 4420 973 4464 ut
984 4428 1011 4464 m
1027 4410 1109 4463 medio
1123 4427 1168 4464 suo
1186 4438 1188 4441 ·

65 4479 175 4546 imperio
189 4480 326 4549 mediaque
340 4479 437 4532 ditione
451 4478 550 4531 facinus
563 4477 625 4530 iilud
640 4481 847 4549 perpetraretur)
864 4480 897 4534 ad
909 4481 1015 4533 Latinos
1027 4479 1113 4544 nitus,
1125 4479 1171 4550 qui
1219 4520 1226 4551 ρ

67 4546 177 4601 iubeant
194 4549 328 4602 facessere
348 4565 393 4600 eos
408 4547 591 4666 quamprimum
612 4547 646 4599 ab
666 4547 709 4599 iilo
727 4549 801 4613 ioco,
825 4555 916 4618 utpote
934 4565 990 4600 suo.
1033 4550 1067 4599 At
1084 4547 1121 4600 iili
1136 4547 1171 4602 ad

69 4629 138 4668 uma
151 4624 228 4682 eunt,
246 4616 395 4686 munitaque
409 4616 473 4668 urbe
500 4622 591 4682 egatus
614 4632 706 4684 aspera
725 4634 756 4669 ao
771 4619 881 4686 superbe
895 4616 1019 4684 alloquuti
1032 4617 1169 4671 dimittunt.

69 4682 100 4737 ii
111 4703 171 4743 vero
185 4688 316 4760 scytham
330 4684 552 4748 vehementissimo
567 4684 608 4739 ira
620 4683 705 4739 denuo
719 4686 820 4741 effomt.
844 4686 998 4756 Scytharum
1010 4686 1100 4760 itaque
1111 4704 1172 4759 par·
