<?xml version="1.0" encoding="UTF-8"?>
<!DOCTYPE html PUBLIC "-//W3C//DTD XHTML 1.0 Transitional//EN"
    "http://www.w3.org/TR/xhtml1/DTD/xhtml1-transitional.dtd">
<html xmlns="http://www.w3.org/1999/xhtml" xml:lang="en" lang="en">
 <head>
  <title>
</title>
<meta http-equiv="Content-Type" content="text/html;charset=utf-8" />
  <meta name='ocr-system' content='tesseract 3.04.00' />
  <meta name='ocr-capabilities' content='ocr_page ocr_carea ocr_par ocr_line ocrx_word'/>
</head>
<body>
  <div class='ocr_page' id='page_1' title='image "./nicephorigregor00schogoog_0628.png"; bbox 0 0 2714 5190; ppageno 0'>
   <div class='ocr_carea' id='block_1_1' title="bbox 392 704 1138 790">
    <p class='ocr_par' dir='ltr' id='par_1_1' title="bbox 392 704 1138 790">
     <span class='ocr_line' id='line_1_1' title="bbox 392 704 1138 790; baseline 0.005 -12"><span class='ocrx_word' id='word_1_1' title='bbox 392 707 751 790; x_wconf 75' lang='lat' dir='ltr'><strong>ANNOTATIONES.</strong></span> <span class='ocrx_word' id='word_1_2' title='bbox 1036 704 1138 782; x_wconf 81' lang='lat'><strong>1175</strong></span> 
     </span>
    </p>
   </div>
   <div class='ocr_carea' id='block_1_2' title="bbox 14 863 1259 4786">
    <p class='ocr_par' dir='ltr' id='par_1_2' title="bbox 14 863 1138 1530">
     <span class='ocr_line' id='line_1_2' title="bbox 14 863 1138 953; baseline 0.004 -21"><span class='ocrx_word' id='word_1_3' title='bbox 14 871 189 953; x_wconf 77' lang='lat' dir='ltr'><strong>&#39;acbyme&#39;ros</strong></span> <span class='ocrx_word' id='word_1_4' title='bbox 200 868 259 932; x_wconf 89' lang='lat' dir='ltr'><strong>lib.</strong></span> <span class='ocrx_word' id='word_1_5' title='bbox 276 867 313 931; x_wconf 86' lang='lat' dir='ltr'><strong>V.</strong></span> <span class='ocrx_word' id='word_1_6' title='bbox 334 877 402 951; x_wconf 85' lang='lat' dir='ltr'><strong>cap.</strong></span> <span class='ocrx_word' id='word_1_7' title='bbox 415 868 471 934; x_wconf 88' lang='lat' dir='ltr'><strong>XI.</strong></span> <span class='ocrx_word' id='word_1_8' title='bbox 494 869 536 932; x_wconf 89' lang='lat' dir='ltr'><strong>ait</strong></span> <span class='ocrx_word' id='word_1_9' title='bbox 551 866 732 932; x_wconf 70' lang='lat' dir='ltr'><strong>Michae&#39;lem</strong></span> <span class='ocrx_word' id='word_1_10' title='bbox 746 867 787 930; x_wconf 83' lang='lat' dir='ltr'><strong>ad</strong></span> <span class='ocrx_word' id='word_1_11' title='bbox 803 863 1060 934; x_wconf 70' lang='lat' dir='ltr'><strong>annotaturum</strong></span> <span class='ocrx_word' id='word_1_12' title='bbox 1083 893 1138 936; x_wconf 84' lang='lat' dir='ltr'><strong>eo·</strong></span> 
     </span>
     <span class='ocr_line' id='line_1_3' title="bbox 14 955 1138 1040; baseline 0.004 -24"><span class='ocrx_word' id='word_1_13' title='bbox 14 957 149 1018; x_wconf 76' lang='lat' dir='ltr'><strong>daciarum</strong></span> <span class='ocrx_word' id='word_1_14' title='bbox 164 955 357 1018; x_wconf 86' lang='lat' dir='ltr'><strong>concordiam</strong></span> <span class='ocrx_word' id='word_1_15' title='bbox 372 955 564 1016; x_wconf 85' lang='lat' dir='ltr'><strong>sollicitatum</strong></span> <span class='ocrx_word' id='word_1_16' title='bbox 581 975 599 1014; x_wconf 88' lang='lat' dir='ltr'><strong>a</strong></span> <span class='ocrx_word' id='word_1_17' title='bbox 618 955 764 1035; x_wconf 77' lang='lat' dir='ltr'>Gregorio</span> <span class='ocrx_word' id='word_1_18' title='bbox 783 957 824 1018; x_wconf 87' lang='lat' dir='ltr'><strong>X.</strong></span> <span class='ocrx_word' id='word_1_19' title='bbox 836 956 935 1036; x_wconf 86' lang='lat' dir='ltr'><strong>I’apa,</strong></span> <span class='ocrx_word' id='word_1_20' title='bbox 956 958 1055 1018; x_wconf 84' lang='lat' dir='ltr'><strong>missis</strong></span> <span class='ocrx_word' id='word_1_21' title='bbox 1069 961 1138 1040; x_wconf 89' lang='lat' dir='ltr'><strong>qui·</strong></span> 
     </span>
     <span class='ocr_line' id='line_1_4' title="bbox 14 1041 1134 1121; baseline 0.003 -19"><span class='ocrx_word' id='word_1_22' title='bbox 14 1043 116 1104; x_wconf 71' lang='lat' dir='ltr'><strong>tundam</strong></span> <span class='ocrx_word' id='word_1_23' title='bbox 129 1064 166 1104; x_wconf 87' lang='lat' dir='ltr'><strong>ex</strong></span> <span class='ocrx_word' id='word_1_24' title='bbox 183 1041 289 1104; x_wconf 87' lang='lat' dir='ltr'><strong>ordina</strong></span> <span class='ocrx_word' id='word_1_25' title='bbox 302 1044 333 1109; x_wconf 83' lang='lat' dir='ltr'><strong>S.</strong></span> <span class='ocrx_word' id='word_1_26' title='bbox 348 1041 502 1102; x_wconf 85' lang='lat' dir='ltr'><strong>Francisci</strong></span> <span class='ocrx_word' id='word_1_27' title='bbox 512 1041 678 1102; x_wconf 79' lang='lat' dir='ltr'><strong>Fratribus.</strong></span> <span class='ocrx_word' id='word_1_28' title='bbox 700 1041 809 1102; x_wconf 91' lang='lat' dir='ltr'><strong>Verum</strong></span> <span class='ocrx_word' id='word_1_29' title='bbox 825 1063 864 1110; x_wconf 71' lang='lat' dir='ltr'><strong>aa</strong></span> <span class='ocrx_word' id='word_1_30' title='bbox 878 1041 926 1119; x_wconf 86' lang='lat' dir='ltr'><strong>iia,</strong></span> <span class='ocrx_word' id='word_1_31' title='bbox 943 1063 1021 1121; x_wconf 88' lang='lat' dir='ltr'><strong>quaa</strong></span> <span class='ocrx_word' id='word_1_32' title='bbox 1035 1045 1134 1106; x_wconf 78' lang='lat' dir='ltr'><strong>fusius</strong></span> 
     </span>
     <span class='ocr_line' id='line_1_5' title="bbox 14 1126 1135 1208; baseline 0.004 -22"><span class='ocrx_word' id='word_1_33' title='bbox 14 1130 143 1208; x_wconf 84' lang='lat' dir='ltr'><strong>ttigimua</strong></span> <span class='ocrx_word' id='word_1_34' title='bbox 162 1129 193 1186; x_wconf 87' lang='lat' dir='ltr'><strong>in</strong></span> <span class='ocrx_word' id='word_1_35' title='bbox 215 1128 294 1188; x_wconf 86' lang='lat' dir='ltr'><strong>Hiat.</strong></span> <span class='ocrx_word' id='word_1_36' title='bbox 312 1127 625 1207; x_wconf 83' lang='lat' dir='ltr'><strong>Franco-Byzantina</strong></span> <span class='ocrx_word' id='word_1_37' title='bbox 641 1127 694 1186; x_wconf 89' lang='lat' dir='ltr'><strong>lib.</strong></span> <span class='ocrx_word' id='word_1_38' title='bbox 714 1126 750 1186; x_wconf 90' lang='lat' dir='ltr'><strong>V.</strong></span> <span class='ocrx_word' id='word_1_39' title='bbox 764 1148 795 1190; x_wconf 91' lang='lat' dir='ltr'><strong>n.</strong></span> <span class='ocrx_word' id='word_1_40' title='bbox 809 1126 871 1186; x_wconf 82' lang='lat' dir='ltr'><strong>LII.</strong></span> <span class='ocrx_word' id='word_1_41' title='bbox 892 1127 946 1191; x_wconf 90' lang='lat' dir='ltr'><strong>lib.</strong></span> <span class='ocrx_word' id='word_1_42' title='bbox 961 1126 1014 1192; x_wconf 88' lang='lat' dir='ltr'><strong>VI.</strong></span> <span class='ocrx_word' id='word_1_43' title='bbox 1029 1149 1058 1188; x_wconf 90' lang='lat' dir='ltr'><strong>n.</strong></span> <span class='ocrx_word' id='word_1_44' title='bbox 1080 1130 1135 1196; x_wconf 92' lang='lat' dir='ltr'><strong>III.</strong></span> 
     </span>
     <span class='ocr_line' id='line_1_6' title="bbox 14 1209 1135 1294; baseline 0.004 -22"><span class='ocrx_word' id='word_1_45' title='bbox 14 1225 118 1289; x_wconf 87' lang='lat' dir='ltr'><strong>cnstat,</strong></span> <span class='ocrx_word' id='word_1_46' title='bbox 141 1211 327 1286; x_wconf 74' lang='lat' dir='ltr'><strong>Michaclem,</strong></span> <span class='ocrx_word' id='word_1_47' title='bbox 343 1233 403 1293; x_wconf 89' lang='lat' dir='ltr'><strong>quo</strong></span> <span class='ocrx_word' id='word_1_48' title='bbox 421 1213 520 1272; x_wconf 88' lang='lat' dir='ltr'><strong>Caroli</strong></span> <span class='ocrx_word' id='word_1_49' title='bbox 538 1212 632 1272; x_wconf 85' lang='lat' dir='ltr'><strong>minas</strong></span> <span class='ocrx_word' id='word_1_50' title='bbox 649 1220 680 1272; x_wconf 90' lang='lat' dir='ltr'><strong>et</strong></span> <span class='ocrx_word' id='word_1_51' title='bbox 694 1209 836 1274; x_wconf 86' lang='lat' dir='ltr'><strong>bellicum</strong></span> <span class='ocrx_word' id='word_1_52' title='bbox 854 1210 887 1270; x_wconf 89' lang='lat' dir='ltr'><strong>in</strong></span> <span class='ocrx_word' id='word_1_53' title='bbox 907 1232 938 1272; x_wconf 87' lang='lat' dir='ltr'><strong>se</strong></span> <span class='ocrx_word' id='word_1_54' title='bbox 955 1226 1135 1294; x_wconf 82' lang='lat' dir='ltr'><strong>apparatum</strong></span> 
     </span>
     <span class='ocr_line' id='line_1_7' title="bbox 14 1297 1136 1378; baseline 0.003 -20"><span class='ocrx_word' id='word_1_55' title='bbox 14 1299 180 1375; x_wconf 78' lang='lat' dir='ltr'><strong>etmideret,</strong></span> <span class='ocrx_word' id='word_1_56' title='bbox 209 1318 357 1360; x_wconf 87' lang='lat' dir='ltr'><strong>summurn</strong></span> <span class='ocrx_word' id='word_1_57' title='bbox 382 1297 556 1358; x_wconf 86' lang='lat' dir='ltr'><strong>Pontificem</strong></span> <span class='ocrx_word' id='word_1_58' title='bbox 578 1317 631 1378; x_wconf 91' lang='lat' dir='ltr'><strong>spc</strong></span> <span class='ocrx_word' id='word_1_59' title='bbox 656 1298 814 1378; x_wconf 84' lang='lat' dir='ltr'><strong>utriusque</strong></span> <span class='ocrx_word' id='word_1_60' title='bbox 840 1297 982 1358; x_wconf 87' lang='lat' dir='ltr'><strong>ecclesiae</strong></span> <span class='ocrx_word' id='word_1_61' title='bbox 1012 1301 1136 1361; x_wconf 87' lang='lat' dir='ltr'><strong>tandem</strong></span> 
     </span>
     <span class='ocr_line' id='line_1_8' title="bbox 17 1383 1136 1464; baseline 0.007 -24"><span class='ocrx_word' id='word_1_62' title='bbox 17 1385 138 1446; x_wconf 84' lang='lat' dir='ltr'><strong>niendaa</strong></span> <span class='ocrx_word' id='word_1_63' title='bbox 156 1383 193 1442; x_wconf 83' lang='lat' dir='ltr'><strong>ab</strong></span> <span class='ocrx_word' id='word_1_64' title='bbox 211 1384 274 1443; x_wconf 80' lang='lat' dir='ltr'><strong>eius</strong></span> <span class='ocrx_word' id='word_1_65' title='bbox 289 1383 427 1464; x_wconf 84' lang='lat' dir='ltr'><strong>partibus</strong></span> <span class='ocrx_word' id='word_1_66' title='bbox 443 1383 579 1444; x_wconf 81' lang='lat' dir='ltr'><strong>avertero</strong></span> <span class='ocrx_word' id='word_1_67' title='bbox 591 1392 732 1444; x_wconf 86' lang='lat' dir='ltr'><strong>conatum</strong></span> <span class='ocrx_word' id='word_1_68' title='bbox 748 1403 823 1447; x_wconf 86' lang='lat' dir='ltr'><strong>esse.</strong></span> <span class='ocrx_word' id='word_1_69' title='bbox 858 1383 894 1444; x_wconf 89' lang='lat' dir='ltr'><strong>Id</strong></span> <span class='ocrx_word' id='word_1_70' title='bbox 907 1403 1003 1464; x_wconf 83' lang='lat' dir='ltr'><strong>porro</strong></span> <span class='ocrx_word' id='word_1_71' title='bbox 1018 1394 1136 1464; x_wconf 84' lang='lat' dir='ltr'><strong>gestum</strong></span> 
     </span>
     <span class='ocr_line' id='line_1_9' title="bbox 14 1467 551 1530; baseline 0.002 -2"><span class='ocrx_word' id='word_1_72' title='bbox 14 1469 50 1529; x_wconf 88' lang='lat' dir='ltr'><strong>uh</strong></span> <span class='ocrx_word' id='word_1_73' title='bbox 64 1492 137 1530; x_wconf 88' lang='lat' dir='ltr'><strong>anno</strong></span> <span class='ocrx_word' id='word_1_74' title='bbox 156 1467 374 1530; x_wconf 84' lang='lat' dir='ltr'><strong>hICCLXXIV.</strong></span> <span class='ocrx_word' id='word_1_75' title='bbox 418 1489 551 1530; x_wconf 75' lang='lat' dir='ltr'><strong>nucina.</strong></span> 
     </span>
    </p>

    <p class='ocr_par' dir='ltr' id='par_1_3' title="bbox 14 1545 1137 1806">
     <span class='ocr_line' id='line_1_10' title="bbox 77 1545 1137 1636; baseline -0.002 -20"><span class='ocrx_word' id='word_1_76' title='bbox 77 1559 150 1636; x_wconf 70' lang='lat' dir='ltr'><strong>Peg.</strong></span> <span class='ocrx_word' id='word_1_77' title='bbox 161 1557 233 1630; x_wconf 80' lang='lat'><strong>125,</strong></span> <span class='ocrx_word' id='word_1_78' title='bbox 244 1561 273 1620; x_wconf 84' lang='lat'><strong>7.</strong></span> <span class='ocrx_word' id='word_1_79' title='bbox 296 1553 419 1634; x_wconf 74' lang='grc' dir='ltr'><strong><em>Δέχεται</em></strong></span> <span class='ocrx_word' id='word_1_80' title='bbox 427 1550 483 1634; x_wconf 69' lang='grc' dir='ltr'><strong>τήν</strong></span> <span class='ocrx_word' id='word_1_81' title='bbox 490 1553 652 1635; x_wconf 71' lang='grc' dir='ltr'><strong><em>πρεσβείαν</em></strong></span> <span class='ocrx_word' id='word_1_82' title='bbox 660 1546 821 1633; x_wconf 62' lang='lat' dir='ltr'><strong>deplangi</strong></span> <span class='ocrx_word' id='word_1_83' title='bbox 834 1545 987 1632; x_wconf 70' lang='lat' dir='ltr'><strong>Erinnae]</strong></span> <span class='ocrx_word' id='word_1_84' title='bbox 1009 1551 1137 1614; x_wconf 78' lang='lat' dir='ltr'><strong>Adscri-</strong></span> 
     </span>
     <span class='ocr_line' id='line_1_11' title="bbox 14 1637 1135 1718; baseline 0.002 -20"><span class='ocrx_word' id='word_1_85' title='bbox 14 1640 102 1700; x_wconf 84' lang='lat' dir='ltr'><strong>simns</strong></span> <span class='ocrx_word' id='word_1_86' title='bbox 115 1641 154 1700; x_wconf 90' lang='lat' dir='ltr'><strong>ad</strong></span> <span class='ocrx_word' id='word_1_87' title='bbox 168 1640 330 1718; x_wconf 75' lang='lat' dir='ltr'><strong>marginem</strong></span> <span class='ocrx_word' id='word_1_88' title='bbox 349 1659 459 1700; x_wconf 89' lang='lat' dir='ltr'><strong>annum</strong></span> <span class='ocrx_word' id='word_1_89' title='bbox 474 1637 584 1700; x_wconf 86' lang='lat' dir='ltr'><strong>Christi</strong></span> <span class='ocrx_word' id='word_1_90' title='bbox 598 1638 817 1698; x_wconf 86' lang='lat' dir='ltr'><strong>MCCLXXIII.</strong></span> <span class='ocrx_word' id='word_1_91' title='bbox 858 1637 914 1698; x_wconf 87' lang='lat' dir='ltr'><strong>Est</strong></span> <span class='ocrx_word' id='word_1_92' title='bbox 938 1647 1038 1700; x_wconf 88' lang='lat' dir='ltr'><strong>autern</strong></span> <span class='ocrx_word' id='word_1_93' title='bbox 1059 1638 1135 1700; x_wconf 87' lang='lat' dir='ltr'><strong>haec</strong></span> 
     </span>
     <span class='ocr_line' id='line_1_12' title="bbox 15 1721 1135 1806; baseline 0.001 -21"><span class='ocrx_word' id='word_1_94' title='bbox 15 1727 105 1800; x_wconf 81' lang='lat' dir='ltr'><strong>orsini</strong></span> <span class='ocrx_word' id='word_1_95' title='bbox 123 1725 336 1804; x_wconf 80' lang='lat' dir='ltr'><strong>chronologia,</strong></span> <span class='ocrx_word' id='word_1_96' title='bbox 360 1725 602 1784; x_wconf 84' lang='lat' dir='ltr'><strong>observationum</strong></span> <span class='ocrx_word' id='word_1_97' title='bbox 615 1721 840 1803; x_wconf 83' lang='lat' dir='ltr'><strong>Pachynrerian.</strong></span> <span class='ocrx_word' id='word_1_98' title='bbox 863 1722 917 1782; x_wconf 91' lang='lat' dir='ltr'><strong>lib.</strong></span> <span class='ocrx_word' id='word_1_99' title='bbox 933 1723 985 1782; x_wconf 90' lang='lat' dir='ltr'><strong>III.</strong></span> <span class='ocrx_word' id='word_1_100' title='bbox 1005 1745 1071 1806; x_wconf 88' lang='lat' dir='ltr'><strong>cap.</strong></span> <span class='ocrx_word' id='word_1_101' title='bbox 1084 1725 1135 1786; x_wconf 86' lang='lat' dir='ltr'><strong>Vt.</strong></span> 
     </span>
    </p>

    <p class='ocr_par' dir='ltr' id='par_1_4' title="bbox 14 1805 1135 2994">
     <span class='ocr_line' id='line_1_13' title="bbox 14 1805 1135 1888; baseline -0.003 -19"><span class='ocrx_word' id='word_1_102' title='bbox 14 1821 21 1869; x_wconf 83' lang='grc'><strong>’.</strong></span> <span class='ocrx_word' id='word_1_103' title='bbox 41 1810 73 1870; x_wconf 94' lang='lat' dir='ltr'><strong>V.</strong></span> <span class='ocrx_word' id='word_1_104' title='bbox 115 1811 273 1872; x_wconf 74' lang='lat' dir='ltr'><strong>Mauritius</strong></span> <span class='ocrx_word' id='word_1_105' title='bbox 287 1809 395 1886; x_wconf 84' lang='lat' dir='ltr'><strong>llavid,</strong></span> <span class='ocrx_word' id='word_1_106' title='bbox 416 1811 448 1869; x_wconf 92' lang='lat' dir='ltr'><strong>in</strong></span> <span class='ocrx_word' id='word_1_107' title='bbox 464 1809 772 1870; x_wconf 83' lang='lat' dir='ltr'><strong>animadversionibus</strong></span> <span class='ocrx_word' id='word_1_108' title='bbox 790 1805 1010 1888; x_wconf 74' lang='lat' dir='ltr'><strong>chronologicis</strong></span> <span class='ocrx_word' id='word_1_109' title='bbox 1026 1809 1065 1870; x_wconf 85' lang='lat' dir='ltr'><strong>sd</strong></span> <span class='ocrx_word' id='word_1_110' title='bbox 1077 1810 1135 1871; x_wconf 88' lang='lat' dir='ltr'><strong>Pa.</strong></span> 
     </span>
     <span class='ocr_line' id='line_1_14' title="bbox 14 1891 1135 1975; baseline -0.004 -21"><span class='ocrx_word' id='word_1_111' title='bbox 14 1891 138 1974; x_wconf 86' lang='lat' dir='ltr'><strong>hymeria</strong></span> <span class='ocrx_word' id='word_1_112' title='bbox 153 1895 347 1972; x_wconf 68' lang='lat' dir='ltr'><strong>hlicbadlem,</strong></span> <span class='ocrx_word' id='word_1_113' title='bbox 367 1915 397 1954; x_wconf 89' lang='lat' dir='ltr'><strong>n.</strong></span> <span class='ocrx_word' id='word_1_114' title='bbox 411 1895 449 1956; x_wconf 89' lang='lat' dir='ltr'><strong>V.</strong></span> <span class='ocrx_word' id='word_1_115' title='bbox 474 1895 630 1956; x_wconf 75' lang='lat' dir='ltr'><strong>Poeninum</strong></span> <span class='ocrx_word' id='word_1_116' title='bbox 643 1892 853 1975; x_wconf 79' lang='lat' dir='ltr'><strong>reprehendit,</strong></span> <span class='ocrx_word' id='word_1_117' title='bbox 884 1903 915 1953; x_wconf 89' lang='lat' dir='ltr'><strong>et</strong></span> <span class='ocrx_word' id='word_1_118' title='bbox 937 1894 1040 1954; x_wconf 90' lang='lat' dir='ltr'><strong>multis</strong></span> <span class='ocrx_word' id='word_1_119' title='bbox 1063 1915 1135 1974; x_wconf 91' lang='lat' dir='ltr'><strong>pro.</strong></span> 
     </span>
     <span class='ocr_line' id='line_1_15' title="bbox 14 1976 1134 2059; baseline 0.002 -21"><span class='ocrx_word' id='word_1_120' title='bbox 14 1989 45 2039; x_wconf 85' lang='lat' dir='ltr'><strong>at</strong></span> <span class='ocrx_word' id='word_1_121' title='bbox 57 2003 117 2042; x_wconf 87' lang='lat' dir='ltr'><strong>eam</strong></span> <span class='ocrx_word' id='word_1_122' title='bbox 130 1982 309 2059; x_wconf 74' lang='lat' dir='ltr'><strong>legationem</strong></span> <span class='ocrx_word' id='word_1_123' title='bbox 325 1980 514 2040; x_wconf 81' lang='lat' dir='ltr'><strong>referendam</strong></span> <span class='ocrx_word' id='word_1_124' title='bbox 532 2001 594 2041; x_wconf 86' lang='lat' dir='ltr'><strong>ease</strong></span> <span class='ocrx_word' id='word_1_125' title='bbox 611 1980 649 2040; x_wconf 90' lang='lat' dir='ltr'><strong>ad</strong></span> <span class='ocrx_word' id='word_1_126' title='bbox 664 2001 774 2040; x_wconf 89' lang='lat' dir='ltr'><strong>annum</strong></span> <span class='ocrx_word' id='word_1_127' title='bbox 791 1976 903 2037; x_wconf 82' lang='lat' dir='ltr'><strong>Christi</strong></span> <span class='ocrx_word' id='word_1_128' title='bbox 918 1978 1134 2046; x_wconf 85' lang='lat' dir='ltr'><strong>MCCLXXIV.</strong></span> 
     </span>
     <span class='ocr_line' id='line_1_16' title="bbox 14 2061 1135 2145; baseline 0 -21"><span class='ocrx_word' id='word_1_129' title='bbox 14 2065 99 2127; x_wconf 67' lang='lat' dir='ltr'><strong>&#39;erum</strong></span> <span class='ocrx_word' id='word_1_130' title='bbox 124 2066 259 2127; x_wconf 86' lang='lat' dir='ltr'><strong>abutitur</strong></span> <span class='ocrx_word' id='word_1_131' title='bbox 285 2065 457 2124; x_wconf 88' lang='lat' dir='ltr'><strong>testimonio</strong></span> <span class='ocrx_word' id='word_1_132' title='bbox 478 2064 691 2145; x_wconf 86' lang='lat' dir='ltr'><strong>Pachymeris,</strong></span> <span class='ocrx_word' id='word_1_133' title='bbox 725 2085 793 2124; x_wconf 89' lang='lat' dir='ltr'><strong>cum</strong></span> <span class='ocrx_word' id='word_1_134' title='bbox 814 2063 872 2141; x_wconf 90' lang='lat' dir='ltr'><strong>ait,</strong></span> <span class='ocrx_word' id='word_1_135' title='bbox 896 2061 957 2124; x_wconf 78' lang='lat' dir='ltr'><strong>Sed</strong></span> <span class='ocrx_word' id='word_1_136' title='bbox 976 2061 1077 2124; x_wconf 82' lang='lat' dir='ltr'><strong>nullas</strong></span> <span class='ocrx_word' id='word_1_137' title='bbox 1097 2061 1135 2124; x_wconf 81' lang='lat' dir='ltr'><strong>de</strong></span> 
     </span>
     <span class='ocr_line' id='line_1_17' title="bbox 14 2145 1134 2233; baseline 0.002 -25"><span class='ocrx_word' id='word_1_138' title='bbox 14 2171 69 2210; x_wconf 84' lang='lat' dir='ltr'><strong>rano</strong></span> <span class='ocrx_word' id='word_1_139' title='bbox 84 2149 254 2232; x_wconf 77' lang='lat' dir='ltr'><strong>ambigendi</strong></span> <span class='ocrx_word' id='word_1_140' title='bbox 268 2165 358 2212; x_wconf 81' lang='lat' dir='ltr'><strong>restat</strong></span> <span class='ocrx_word' id='word_1_141' title='bbox 375 2147 474 2226; x_wconf 84' lang='lat' dir='ltr'><strong>locus,</strong></span> <span class='ocrx_word' id='word_1_142' title='bbox 493 2166 652 2233; x_wconf 85' lang='lat' dir='ltr'><strong>postquam</strong></span> <span class='ocrx_word' id='word_1_143' title='bbox 671 2148 860 2232; x_wconf 80' lang='lat' dir='ltr'><strong>Poclrymeres</strong></span> <span class='ocrx_word' id='word_1_144' title='bbox 879 2145 916 2206; x_wconf 86' lang='lat' dir='ltr'><strong>de</strong></span> <span class='ocrx_word' id='word_1_145' title='bbox 933 2145 991 2208; x_wconf 77' lang='lat' dir='ltr'><strong>hoo</strong></span> <span class='ocrx_word' id='word_1_146' title='bbox 1010 2151 1075 2230; x_wconf 84' lang='lat' dir='ltr'><strong>ipso</strong></span> <span class='ocrx_word' id='word_1_147' title='bbox 1090 2147 1134 2210; x_wconf 78' lang='lat' dir='ltr'><strong>le-</strong></span> 
     </span>
     <span class='ocr_line' id='line_1_18' title="bbox 14 2229 1132 2316; baseline 0.001 -24"><span class='ocrx_word' id='word_1_148' title='bbox 14 2237 104 2296; x_wconf 80' lang='lat' dir='ltr'><strong>utione</strong></span> <span class='ocrx_word' id='word_1_149' title='bbox 121 2235 264 2296; x_wconf 81' lang='lat' dir='ltr'><strong>disserens</strong></span> <span class='ocrx_word' id='word_1_150' title='bbox 279 2257 347 2316; x_wconf 84' lang='lat' dir='ltr'><strong>cop.</strong></span> <span class='ocrx_word' id='word_1_151' title='bbox 364 2241 416 2302; x_wconf 85' lang='lat'><strong>17.</strong></span> <span class='ocrx_word' id='word_1_152' title='bbox 429 2233 501 2295; x_wconf 83' lang='lat' dir='ltr'><strong>libri</strong></span> <span class='ocrx_word' id='word_1_153' title='bbox 514 2241 543 2300; x_wconf 92' lang='lat'><strong>4.</strong></span> <span class='ocrx_word' id='word_1_154' title='bbox 555 2257 665 2294; x_wconf 82' lang='lat' dir='ltr'><strong>annum</strong></span> <span class='ocrx_word' id='word_1_155' title='bbox 675 2231 790 2294; x_wconf 82' lang='lat' dir='ltr'><strong>Mundi</strong></span> <span class='ocrx_word' id='word_1_156' title='bbox 803 2235 902 2310; x_wconf 74' lang='lat' dir='ltr'><strong>arguit</strong></span> <span class='ocrx_word' id='word_1_157' title='bbox 912 2235 1006 2298; x_wconf 85' lang='grc'><strong>6782.</strong></span> <span class='ocrx_word' id='word_1_158' title='bbox 1022 2229 1132 2296; x_wconf 69' lang='lat' dir='ltr'><strong>Indici.</strong></span> 
     </span>
     <span class='ocr_line' id='line_1_19' title="bbox 14 2315 1133 2404; baseline 0.002 -28"><span class='ocrx_word' id='word_1_159' title='bbox 14 2357 20 2376; x_wconf 90' lang='lat'><strong>.</strong></span> <span class='ocrx_word' id='word_1_160' title='bbox 41 2336 180 2397; x_wconf 83' lang='lat' dir='ltr'><strong>currente,</strong></span> <span class='ocrx_word' id='word_1_161' title='bbox 202 2321 364 2404; x_wconf 79' lang='lat' dir='ltr'><strong>quianam</strong></span> <span class='ocrx_word' id='word_1_162' title='bbox 382 2317 535 2401; x_wconf 83' lang='lat' dir='ltr'><strong>respondet</strong></span> <span class='ocrx_word' id='word_1_163' title='bbox 552 2341 632 2382; x_wconf 83' lang='lat' dir='ltr'><strong>anno</strong></span> <span class='ocrx_word' id='word_1_164' title='bbox 649 2315 758 2381; x_wconf 73' lang='lat' dir='ltr'><strong>Christi</strong></span> <span class='ocrx_word' id='word_1_165' title='bbox 773 2321 866 2384; x_wconf 78' lang='lat'><strong>1274.</strong></span> <span class='ocrx_word' id='word_1_166' title='bbox 907 2317 984 2377; x_wconf 86' lang='lat' dir='ltr'><strong>Nam</strong></span> <span class='ocrx_word' id='word_1_167' title='bbox 1006 2317 1133 2398; x_wconf 87' lang='lat' dir='ltr'><strong>Pachy-</strong></span> 
     </span>
     <span class='ocr_line' id='line_1_20' title="bbox 14 2401 1132 2485; baseline 0.004 -25"><span class='ocrx_word' id='word_1_168' title='bbox 14 2421 82 2464; x_wconf 79' lang='lat' dir='ltr'><strong>teres</strong></span> <span class='ocrx_word' id='word_1_169' title='bbox 98 2405 144 2464; x_wconf 87' lang='lat' dir='ltr'><strong>hia</strong></span> <span class='ocrx_word' id='word_1_170' title='bbox 158 2406 260 2465; x_wconf 88' lang='lat' dir='ltr'><strong>verbis</strong></span> <span class='ocrx_word' id='word_1_171' title='bbox 280 2425 342 2463; x_wconf 93' lang='lat' dir='ltr'><strong>non</strong></span> <span class='ocrx_word' id='word_1_172' title='bbox 358 2405 472 2465; x_wconf 89' lang='lat' dir='ltr'><strong>indicat</strong></span> <span class='ocrx_word' id='word_1_173' title='bbox 490 2416 609 2485; x_wconf 83' lang='lat' dir='ltr'><strong>tempus</strong></span> <span class='ocrx_word' id='word_1_174' title='bbox 624 2405 731 2464; x_wconf 84' lang='lat' dir='ltr'><strong>misaac</strong></span> <span class='ocrx_word' id='word_1_175' title='bbox 751 2401 927 2484; x_wconf 82' lang='lat' dir='ltr'><strong>legationis,</strong></span> <span class='ocrx_word' id='word_1_176' title='bbox 951 2402 1005 2463; x_wconf 86' lang='lat' dir='ltr'><strong>sed</strong></span> <span class='ocrx_word' id='word_1_177' title='bbox 1027 2424 1132 2464; x_wconf 86' lang='lat' dir='ltr'><strong>seces-</strong></span> 
     </span>
     <span class='ocr_line' id='line_1_21' title="bbox 14 2484 1132 2571; baseline 0.006 -28"><span class='ocrx_word' id='word_1_178' title='bbox 14 2488 79 2548; x_wconf 88' lang='lat' dir='ltr'><strong>onis</strong></span> <span class='ocrx_word' id='word_1_179' title='bbox 101 2489 221 2571; x_wconf 88' lang='lat' dir='ltr'><strong>losephi</strong></span> <span class='ocrx_word' id='word_1_180' title='bbox 247 2489 456 2570; x_wconf 82' lang='lat' dir='ltr'><strong>patriarchae3</strong></span> <span class='ocrx_word' id='word_1_181' title='bbox 485 2511 573 2570; x_wconf 87' lang='lat' dir='ltr'><strong>quem</strong></span> <span class='ocrx_word' id='word_1_182' title='bbox 594 2501 665 2568; x_wconf 89' lang='lat' dir='ltr'><strong>post</strong></span> <span class='ocrx_word' id='word_1_183' title='bbox 691 2487 797 2548; x_wconf 84' lang='lat' dir='ltr'><strong>missos</strong></span> <span class='ocrx_word' id='word_1_184' title='bbox 821 2487 857 2547; x_wconf 88' lang='lat' dir='ltr'><strong>ad</strong></span> <span class='ocrx_word' id='word_1_185' title='bbox 879 2484 993 2568; x_wconf 83' lang='lat' dir='ltr'><strong>Pap&#39;am</strong></span> <span class='ocrx_word' id='word_1_186' title='bbox 1017 2489 1132 2566; x_wconf 86' lang='lat' dir='ltr'><strong>legatos</strong></span> 
     </span>
     <span class='ocr_line' id='line_1_22' title="bbox 14 2573 1133 2656; baseline 0.004 -25"><span class='ocrx_word' id='word_1_187' title='bbox 14 2575 141 2636; x_wconf 76' lang='lat' dir='ltr'><strong>tceaeissa</strong></span> <span class='ocrx_word' id='word_1_188' title='bbox 160 2576 269 2635; x_wconf 88' lang='lat' dir='ltr'><strong>innuit.</strong></span> <span class='ocrx_word' id='word_1_189' title='bbox 313 2575 428 2650; x_wconf 81' lang='lat' dir='ltr'><strong>Quodsi</strong></span> <span class='ocrx_word' id='word_1_190' title='bbox 448 2575 540 2655; x_wconf 85' lang='lat' dir='ltr'><strong>legati</strong></span> <span class='ocrx_word' id='word_1_191' title='bbox 553 2575 684 2656; x_wconf 87' lang='lat' dir='ltr'><strong>primum</strong></span> <span class='ocrx_word' id='word_1_192' title='bbox 705 2576 787 2634; x_wconf 87' lang='lat' dir='ltr'><strong>missi</strong></span> <span class='ocrx_word' id='word_1_193' title='bbox 808 2583 894 2650; x_wconf 84' lang='lat' dir='ltr'><strong>aunt,</strong></span> <span class='ocrx_word' id='word_1_194' title='bbox 917 2573 1025 2634; x_wconf 89' lang='lat' dir='ltr'><strong>deinde</strong></span> <span class='ocrx_word' id='word_1_195' title='bbox 1044 2574 1133 2636; x_wconf 88' lang='lat' dir='ltr'><strong>Iose-</strong></span> 
     </span>
     <span class='ocr_line' id='line_1_23' title="bbox 14 2651 1129 2747; baseline 0.011 -35"><span class='ocrx_word' id='word_1_196' title='bbox 14 2651 66 2716; x_wconf 87' lang='lat' dir='ltr'><strong>bus</strong></span> <span class='ocrx_word' id='word_1_197' title='bbox 80 2663 217 2736; x_wconf 85' lang='lat' dir='ltr'><strong>secessit,</strong></span> <span class='ocrx_word' id='word_1_198' title='bbox 241 2671 361 2740; x_wconf 90' lang='lat' dir='ltr'><strong>oportet</strong></span> <span class='ocrx_word' id='word_1_199' title='bbox 377 2663 489 2739; x_wconf 80' lang='lat' dir='ltr'><strong>legatos</strong></span> <span class='ocrx_word' id='word_1_200' title='bbox 505 2663 659 2742; x_wconf 85' lang='lat' dir='ltr'><strong>profectos</strong></span> <span class='ocrx_word' id='word_1_201' title='bbox 676 2680 741 2720; x_wconf 84' lang='lat' dir='ltr'><strong>essa</strong></span> <span class='ocrx_word' id='word_1_202' title='bbox 756 2661 806 2721; x_wconf 88' lang='lat' dir='ltr'><strong>vel</strong></span> <span class='ocrx_word' id='word_1_203' title='bbox 819 2659 1129 2747; x_wconf 14' lang='lat' dir='ltr'><strong>aanopttcctxxttt.</strong></span> 
     </span>
     <span class='ocr_line' id='line_1_24' title="bbox 14 2742 1132 2825; baseline 0.009 -28"><span class='ocrx_word' id='word_1_204' title='bbox 14 2753 123 2822; x_wconf 79' lang='lat' dir='ltr'><strong>renate,</strong></span> <span class='ocrx_word' id='word_1_205' title='bbox 147 2747 197 2806; x_wconf 86' lang='lat' dir='ltr'><strong>vol</strong></span> <span class='ocrx_word' id='word_1_206' title='bbox 212 2745 424 2808; x_wconf 85' lang='lat' dir='ltr'><strong>MCCLXXIV.</strong></span> <span class='ocrx_word' id='word_1_207' title='bbox 444 2747 583 2822; x_wconf 90' lang='lat' dir='ltr'><strong>ineunte,</strong></span> <span class='ocrx_word' id='word_1_208' title='bbox 613 2765 683 2804; x_wconf 86' lang='lat' dir='ltr'><strong>eum</strong></span> <span class='ocrx_word' id='word_1_209' title='bbox 705 2744 816 2805; x_wconf 85' lang='lat' dir='ltr'><strong>ibidem</strong></span> <span class='ocrx_word' id='word_1_210' title='bbox 833 2745 915 2805; x_wconf 88' lang='lat' dir='ltr'><strong>dicat</strong></span> <span class='ocrx_word' id='word_1_211' title='bbox 931 2742 1132 2825; x_wconf 84' lang='lat' dir='ltr'><strong>Pachymeres</strong></span> 
     </span>
     <span class='ocr_line' id='line_1_25' title="bbox 14 2827 1131 2914; baseline 0.011 -30"><span class='ocrx_word' id='word_1_212' title='bbox 14 2827 143 2912; x_wconf 64' lang='lat' dir='ltr'><strong>tsephum</strong></span> <span class='ocrx_word' id='word_1_213' title='bbox 170 2832 328 2892; x_wconf 84' lang='lat' dir='ltr'><strong>accessisse</strong></span> <span class='ocrx_word' id='word_1_214' title='bbox 348 2831 399 2891; x_wconf 92' lang='lat' dir='ltr'><strong>die</strong></span> <span class='ocrx_word' id='word_1_215' title='bbox 425 2831 479 2892; x_wconf 92' lang='lat' dir='ltr'><strong>XI.</strong></span> <span class='ocrx_word' id='word_1_216' title='bbox 510 2830 621 2892; x_wconf 87' lang='lat' dir='ltr'><strong>mansis</strong></span> <span class='ocrx_word' id='word_1_217' title='bbox 650 2829 781 2890; x_wconf 83' lang='lat' dir='ltr'><strong>Ianuarii</strong></span> <span class='ocrx_word' id='word_1_218' title='bbox 811 2829 902 2914; x_wconf 85' lang='lat' dir='ltr'><strong>(anni</strong></span> <span class='ocrx_word' id='word_1_219' title='bbox 923 2829 1040 2892; x_wconf 85' lang='lat' dir='ltr'><strong>scilicet</strong></span> <span class='ocrx_word' id='word_1_220' title='bbox 1059 2829 1131 2896; x_wconf 87' lang='lat' dir='ltr'><strong>Chr.</strong></span> 
     </span>
     <span class='ocr_line' id='line_1_26' title="bbox 14 2909 381 2994; baseline 0.016 -21"><span class='ocrx_word' id='word_1_221' title='bbox 14 2909 223 2994; x_wconf 65' lang='lat' dir='ltr'><strong>IJCLXXIV).</strong></span> <span class='ocrx_word' id='word_1_222' title='bbox 267 2935 381 2979; x_wconf 81' lang='lat' dir='ltr'><strong>aorvm.</strong></span> 
     </span>
    </p>

    <p class='ocr_par' dir='ltr' id='par_1_5' title="bbox 14 2991 1259 3600">
     <span class='ocr_line' id='line_1_27' title="bbox 33 2991 1131 3086; baseline -0.001 -25"><span class='ocrx_word' id='word_1_223' title='bbox 33 2993 39 3008; x_wconf 85' lang='lat'>‘</span> <span class='ocrx_word' id='word_1_224' title='bbox 70 3004 235 3079; x_wconf 75' lang='lat' dir='ltr'><strong>Pog.126,</strong></span> <span class='ocrx_word' id='word_1_225' title='bbox 260 3007 310 3067; x_wconf 85' lang='lat'><strong>11.</strong></span> <span class='ocrx_word' id='word_1_226' title='bbox 353 2991 430 3078; x_wconf 82' lang='grc' dir='ltr'><strong>Ἐφ’</strong></span> <span class='ocrx_word' id='word_1_227' title='bbox 450 2993 513 3081; x_wconf 78' lang='grc' dir='ltr'><strong>ὅρῳ</strong></span> <span class='ocrx_word' id='word_1_228' title='bbox 534 3003 629 3086; x_wconf 72' lang='grc' dir='ltr'><strong><em>τριῶν</em></strong></span> <span class='ocrx_word' id='word_1_229' title='bbox 650 2997 841 3078; x_wconf 73' lang='grc' dir='ltr'><strong><em>κεφαλαίων]</em></strong></span> <span class='ocrx_word' id='word_1_230' title='bbox 869 2999 928 3060; x_wconf 87' lang='lat' dir='ltr'><strong>Hic</strong></span> <span class='ocrx_word' id='word_1_231' title='bbox 956 2999 1131 3082; x_wconf 86' lang='lat' dir='ltr'><strong>interpretis</strong></span> 
     </span>
     <span class='ocr_line' id='line_1_28' title="bbox 14 3081 1130 3167; baseline 0.004 -26"><span class='ocrx_word' id='word_1_232' title='bbox 14 3081 151 3144; x_wconf 65' lang='lat' dir='ltr'><strong>arcionem</strong></span> <span class='ocrx_word' id='word_1_233' title='bbox 172 3089 264 3167; x_wconf 87' lang='lat' dir='ltr'><strong>paulo</strong></span> <span class='ocrx_word' id='word_1_234' title='bbox 289 3085 523 3146; x_wconf 84' lang='lat' dir='ltr'><strong>immutavimus.</strong></span> <span class='ocrx_word' id='word_1_235' title='bbox 566 3087 594 3145; x_wconf 92' lang='lat' dir='ltr'><strong>Is</strong></span> <span class='ocrx_word' id='word_1_236' title='bbox 618 3085 698 3145; x_wconf 88' lang='lat' dir='ltr'><strong>enim</strong></span> <span class='ocrx_word' id='word_1_237' title='bbox 720 3083 868 3146; x_wconf 85' lang='lat' dir='ltr'><strong>ediderat:</strong></span> <span class='ocrx_word' id='word_1_238' title='bbox 887 3085 1016 3166; x_wconf 83' lang='lat' dir='ltr'><strong>primum</strong></span> <span class='ocrx_word' id='word_1_239' title='bbox 1038 3099 1070 3144; x_wconf 84' lang='lat' dir='ltr'><strong>ot</strong></span> <span class='ocrx_word' id='word_1_240' title='bbox 1097 3088 1130 3146; x_wconf 79' lang='lat' dir='ltr'><strong>in</strong></span> 
     </span>
     <span class='ocr_line' id='line_1_29' title="bbox 15 3167 1159 3252; baseline 0.002 -26"><span class='ocrx_word' id='word_1_241' title='bbox 15 3183 132 3230; x_wconf 82' lang='lat' dir='ltr'><strong>crorum</strong></span> <span class='ocrx_word' id='word_1_242' title='bbox 150 3169 329 3231; x_wconf 81' lang='lat' dir='ltr'><strong>voluminum</strong></span> <span class='ocrx_word' id='word_1_243' title='bbox 339 3167 508 3250; x_wconf 78' lang='lat' dir='ltr'><strong>hymnodt&#39;is</strong></span> <span class='ocrx_word' id='word_1_244' title='bbox 518 3175 617 3251; x_wconf 80' lang='lat' dir='ltr'><strong>Papae</strong></span> <span class='ocrx_word' id='word_1_245' title='bbox 631 3191 699 3229; x_wconf 85' lang='lat' dir='ltr'><strong>cum</strong></span> <span class='ocrx_word' id='word_1_246' title='bbox 714 3185 843 3250; x_wconf 82' lang='lat' dir='ltr'><strong>quotuor</strong></span> <span class='ocrx_word' id='word_1_247' title='bbox 854 3168 1036 3252; x_wconf 72' lang='lat' dir='ltr'><strong>patriarchis</strong></span> <span class='ocrx_word' id='word_1_248' title='bbox 1047 3191 1131 3228; x_wconf 84' lang='lat' dir='ltr'><strong>men-</strong></span> <span class='ocrx_word' id='word_1_249' title='bbox 1156 3169 1159 3180; x_wconf 84' lang='grc'><strong><em>’</em></strong></span> 
     </span>
     <span class='ocr_line' id='line_1_30' title="bbox 14 3250 1129 3336; baseline 0.001 -24"><span class='ocrx_word' id='word_1_250' title='bbox 14 3253 128 3326; x_wconf 70' lang='lat' dir='ltr'><strong>’fieret</strong></span> <span class='ocrx_word' id='word_1_251' title='bbox 170 3253 311 3315; x_wconf 79' lang='lat' dir='ltr'><strong>Alterum</strong></span> <span class='ocrx_word' id='word_1_252' title='bbox 332 3269 365 3314; x_wconf 82' lang='lat' dir='ltr'><strong>at</strong></span> <span class='ocrx_word' id='word_1_253' title='bbox 389 3253 488 3315; x_wconf 83' lang='lat' dir='ltr'><strong>liceret</strong></span> <span class='ocrx_word' id='word_1_254' title='bbox 509 3256 602 3315; x_wconf 84' lang='lat' dir='ltr'><strong>cuivis</strong></span> <span class='ocrx_word' id='word_1_255' title='bbox 621 3250 752 3314; x_wconf 82' lang='lat' dir='ltr'><strong>Romam</strong></span> <span class='ocrx_word' id='word_1_256' title='bbox 777 3267 918 3322; x_wconf 81' lang='lat' dir='ltr'><strong>veterem,</strong></span> <span class='ocrx_word' id='word_1_257' title='bbox 946 3275 1021 3336; x_wconf 78' lang='lat' dir='ltr'><strong>puae</strong></span> <span class='ocrx_word' id='word_1_258' title='bbox 1045 3256 1129 3314; x_wconf 80' lang='lat' dir='ltr'><strong>cur-io</strong></span> 
     </span>
     <span class='ocr_line' id='line_1_31' title="bbox 14 3333 1129 3420; baseline 0.004 -25"><span class='ocrx_word' id='word_1_259' title='bbox 14 3333 77 3396; x_wconf 72' lang='grc' dir='ltr'><strong>Ιίον</strong></span> <span class='ocrx_word' id='word_1_260' title='bbox 105 3354 133 3398; x_wconf 86' lang='lat' dir='ltr'><strong>et</strong></span> <span class='ocrx_word' id='word_1_261' title='bbox 158 3339 319 3420; x_wconf 71' lang='lat' dir='ltr'><strong>perfectior</strong></span> <span class='ocrx_word' id='word_1_262' title='bbox 341 3354 429 3415; x_wconf 85' lang='lat' dir='ltr'><strong>esset,</strong></span> <span class='ocrx_word' id='word_1_263' title='bbox 459 3336 620 3420; x_wconf 83' lang='lat' dir='ltr'><strong>appellare.</strong></span> <span class='ocrx_word' id='word_1_264' title='bbox 667 3339 800 3398; x_wconf 82' lang='lat' dir='ltr'><strong>Tertium</strong></span> <span class='ocrx_word' id='word_1_265' title='bbox 821 3353 853 3396; x_wconf 85' lang='lat' dir='ltr'><strong>ut</strong></span> <span class='ocrx_word' id='word_1_266' title='bbox 873 3335 923 3397; x_wconf 83' lang='lat' dir='ltr'><strong>illi</strong></span> <span class='ocrx_word' id='word_1_267' title='bbox 939 3339 1129 3420; x_wconf 81' lang='lat' dir='ltr'><strong>principatus</strong></span> 
     </span>
     <span class='ocr_line' id='line_1_32' title="bbox 27 3421 1129 3510; baseline 0.004 -30"><span class='ocrx_word' id='word_1_268' title='bbox 27 3423 168 3483; x_wconf 81' lang='lat' dir='ltr'><strong>omnibus</strong></span> <span class='ocrx_word' id='word_1_269' title='bbox 185 3421 356 3510; x_wconf 73' lang='lat' dir='ltr'><strong>defirretnr.</strong></span> <span class='ocrx_word' id='word_1_270' title='bbox 399 3423 475 3484; x_wconf 88' lang='lat' dir='ltr'><strong>Vide</strong></span> <span class='ocrx_word' id='word_1_271' title='bbox 492 3422 671 3504; x_wconf 78' lang='lat' dir='ltr'><strong>Pachymer.</strong></span> <span class='ocrx_word' id='word_1_272' title='bbox 684 3421 737 3482; x_wconf 93' lang='lat' dir='ltr'><strong>lib.</strong></span> <span class='ocrx_word' id='word_1_273' title='bbox 753 3422 788 3482; x_wconf 88' lang='lat' dir='ltr'><strong>V.</strong></span> <span class='ocrx_word' id='word_1_274' title='bbox 807 3443 872 3504; x_wconf 89' lang='lat' dir='ltr'><strong>cap.</strong></span> <span class='ocrx_word' id='word_1_275' title='bbox 887 3423 941 3482; x_wconf 93' lang='lat' dir='ltr'><strong>XI.</strong></span> <span class='ocrx_word' id='word_1_276' title='bbox 958 3433 989 3484; x_wconf 86' lang='lat' dir='ltr'><strong>et</strong></span> <span class='ocrx_word' id='word_1_277' title='bbox 1003 3423 1129 3486; x_wconf 83' lang='lat' dir='ltr'><strong>Phren-</strong></span> 
     </span>
     <span class='ocr_line' id='line_1_33' title="bbox 14 3508 1259 3600; baseline 0.005 -35"><span class='ocrx_word' id='word_1_278' title='bbox 14 3508 307 3600; x_wconf 60' lang='lat' dir='ltr'><strong>”dib·1·⁰⁰l’·v¹⁰</strong></span> <span class='ocrx_word' id='word_1_279' title='bbox 349 3529 479 3572; x_wconf 79' lang='lat' dir='ltr'><strong>occano.</strong></span> <span class='ocrx_word' id='word_1_280' title='bbox 1258 3568 1259 3571; x_wconf 74' lang='grc'><strong>,</strong></span> 
     </span>
    </p>

    <p class='ocr_par' dir='ltr' id='par_1_6' title="bbox 14 3587 1128 3827">
     <span class='ocr_line' id='line_1_34' title="bbox 65 3587 1128 3678; baseline -0.004 -20"><span class='ocrx_word' id='word_1_281' title='bbox 65 3597 138 3675; x_wconf 78' lang='lat' dir='ltr'><strong>Pog-</strong></span> <span class='ocrx_word' id='word_1_282' title='bbox 164 3596 235 3669; x_wconf 87' lang='lat'><strong>125,</strong></span> <span class='ocrx_word' id='word_1_283' title='bbox 259 3601 311 3660; x_wconf 81' lang='grc'><strong>28.</strong></span> <span class='ocrx_word' id='word_1_284' title='bbox 351 3598 413 3657; x_wconf 79' lang='grc' dir='ltr'><strong>Τοῦ</strong></span> <span class='ocrx_word' id='word_1_285' title='bbox 429 3587 678 3675; x_wconf 78' lang='grc' dir='ltr'><strong><em>Ἀρχοοτροτηγοῦ</em></strong></span> <span class='ocrx_word' id='word_1_286' title='bbox 689 3591 789 3678; x_wconf 77' lang='grc' dir='ltr'><strong><em>μονῇ]</em></strong></span> <span class='ocrx_word' id='word_1_287' title='bbox 813 3592 905 3668; x_wconf 86' lang='lat' dir='ltr'><strong>Quod</strong></span> <span class='ocrx_word' id='word_1_288' title='bbox 922 3591 1045 3673; x_wconf 85' lang='lat' dir='ltr'><strong>quidem</strong></span> <span class='ocrx_word' id='word_1_289' title='bbox 1058 3615 1128 3654; x_wconf 82' lang='lat' dir='ltr'><strong>mo-</strong></span> 
     </span>
     <span class='ocr_line' id='line_1_35' title="bbox 14 3677 1126 3760; baseline 0.004 -25"><span class='ocrx_word' id='word_1_290' title='bbox 14 3677 143 3738; x_wconf 67' lang='lat' dir='ltr'><strong>*terium</strong></span> <span class='ocrx_word' id='word_1_291' title='bbox 165 3679 199 3738; x_wconf 91' lang='lat' dir='ltr'><strong>in</strong></span> <span class='ocrx_word' id='word_1_292' title='bbox 218 3679 336 3760; x_wconf 76' lang='lat' dir='ltr'><strong>Anaplo</strong></span> <span class='ocrx_word' id='word_1_293' title='bbox 361 3679 468 3739; x_wconf 84' lang='lat' dir='ltr'><strong>statuit</strong></span> <span class='ocrx_word' id='word_1_294' title='bbox 499 3677 696 3759; x_wconf 84' lang='lat' dir='ltr'><strong>Pacbymeres</strong></span> <span class='ocrx_word' id='word_1_295' title='bbox 727 3678 781 3740; x_wconf 89' lang='lat' dir='ltr'><strong>lib.</strong></span> <span class='ocrx_word' id='word_1_296' title='bbox 802 3677 839 3740; x_wconf 94' lang='lat' dir='ltr'><strong>V.</strong></span> <span class='ocrx_word' id='word_1_297' title='bbox 868 3699 935 3760; x_wconf 90' lang='lat' dir='ltr'><strong>cap.</strong></span> <span class='ocrx_word' id='word_1_298' title='bbox 963 3677 999 3740; x_wconf 93' lang='lat' dir='ltr'><strong>V.</strong></span> <span class='ocrx_word' id='word_1_299' title='bbox 1020 3689 1050 3740; x_wconf 86' lang='lat' dir='ltr'><strong>et</strong></span> <span class='ocrx_word' id='word_1_300' title='bbox 1070 3681 1126 3746; x_wconf 89' lang='lat' dir='ltr'><strong>IX.</strong></span> 
     </span>
     <span class='ocr_line' id='line_1_36' title="bbox 14 3769 108 3827; baseline 0.074 -7"><span class='ocrx_word' id='word_1_301' title='bbox 14 3769 108 3827; x_wconf 65' lang='lat' dir='ltr'><strong>tanc.</strong></span> 
     </span>
    </p>

    <p class='ocr_par' dir='ltr' id='par_1_7' title="bbox 14 3841 1125 3998">
     <span class='ocr_line' id='line_1_37' title="bbox 64 3841 1125 3933; baseline -0.004 -19"><span class='ocrx_word' id='word_1_302' title='bbox 64 3852 137 3928; x_wconf 71' lang='lat' dir='ltr'><strong>Peg·</strong></span> <span class='ocrx_word' id='word_1_303' title='bbox 162 3853 234 3922; x_wconf 85' lang='lat'><strong>126,</strong></span> <span class='ocrx_word' id='word_1_304' title='bbox 258 3853 308 3914; x_wconf 87' lang='lat'><strong>11.</strong></span> <span class='ocrx_word' id='word_1_305' title='bbox 344 3841 396 3912; x_wconf 88' lang='grc' dir='ltr'><strong>Ἐν</strong></span> <span class='ocrx_word' id='word_1_306' title='bbox 411 3851 506 3933; x_wconf 74' lang='grc' dir='ltr'><strong><em>στενῷ</em></strong></span> <span class='ocrx_word' id='word_1_307' title='bbox 518 3845 638 3930; x_wconf 74' lang='grc' dir='ltr'><strong><em>μέντοι]</em></strong></span> <span class='ocrx_word' id='word_1_308' title='bbox 661 3847 777 3908; x_wconf 89' lang='lat' dir='ltr'><strong>Ibidem</strong></span> <span class='ocrx_word' id='word_1_309' title='bbox 793 3845 969 3929; x_wconf 77' lang='lat' dir='ltr'><strong>Pachymer.</strong></span> <span class='ocrx_word' id='word_1_310' title='bbox 984 3849 1125 3930; x_wconf 89' lang='lat' dir='ltr'><strong>cap.XIl.</strong></span> 
     </span>
     <span class='ocr_line' id='line_1_38' title="bbox 14 3919 447 3998; baseline 0.009 -6"><span class='ocrx_word' id='word_1_311' title='bbox 14 3919 87 3992; x_wconf 52' lang='lat' dir='ltr'><strong>IIII.</strong></span> <span class='ocrx_word' id='word_1_312' title='bbox 104 3933 187 3995; x_wconf 89' lang='lat' dir='ltr'><strong>XIX.</strong></span> <span class='ocrx_word' id='word_1_313' title='bbox 203 3935 273 3993; x_wconf 90' lang='lat' dir='ltr'><strong>XX.</strong></span> <span class='ocrx_word' id='word_1_314' title='bbox 314 3953 447 3998; x_wconf 67' lang='lat' dir='ltr'><strong>oncino.</strong></span> 
     </span>
    </p>

    <p class='ocr_par' dir='ltr' id='par_1_8' title="bbox 14 4014 1125 4270">
     <span class='ocr_line' id='line_1_39' title="bbox 62 4014 1124 4101; baseline 0 -21"><span class='ocrx_word' id='word_1_315' title='bbox 62 4023 135 4098; x_wconf 76' lang='lat' dir='ltr'><strong>Peg.</strong></span> <span class='ocrx_word' id='word_1_316' title='bbox 158 4023 231 4096; x_wconf 83' lang='lat'><strong>127,</strong></span> <span class='ocrx_word' id='word_1_317' title='bbox 254 4023 302 4084; x_wconf 90' lang='grc'><strong>16.</strong></span> <span class='ocrx_word' id='word_1_318' title='bbox 345 4014 535 4101; x_wconf 67' lang='lat' dir='ltr'><strong>Appetitur,</strong></span> <span class='ocrx_word' id='word_1_319' title='bbox 558 4016 690 4098; x_wconf 75' lang='grc' dir='ltr'><strong>ἒξορίαι]</strong></span> <span class='ocrx_word' id='word_1_320' title='bbox 712 4015 893 4100; x_wconf 82' lang='lat' dir='ltr'><strong>Pachymer.</strong></span> <span class='ocrx_word' id='word_1_321' title='bbox 915 4018 1020 4080; x_wconf 87' lang='lat' dir='ltr'><strong>eodem</strong></span> <span class='ocrx_word' id='word_1_322' title='bbox 1044 4019 1124 4080; x_wconf 91' lang='lat' dir='ltr'><strong>libro</strong></span> 
     </span>
     <span class='ocr_line' id='line_1_40' title="bbox 14 4103 1125 4186; baseline 0.004 -24"><span class='ocrx_word' id='word_1_323' title='bbox 14 4111 36 4156; x_wconf 71' lang='grc' dir='ltr'><strong>Ι.</strong></span> <span class='ocrx_word' id='word_1_324' title='bbox 57 4104 141 4165; x_wconf 92' lang='lat' dir='ltr'><strong>XIX.</strong></span> <span class='ocrx_word' id='word_1_325' title='bbox 157 4105 227 4166; x_wconf 90' lang='lat' dir='ltr'><strong>XX.</strong></span> <span class='ocrx_word' id='word_1_326' title='bbox 253 4104 308 4165; x_wconf 89' lang='lat' dir='ltr'><strong>lib.</strong></span> <span class='ocrx_word' id='word_1_327' title='bbox 324 4105 375 4168; x_wconf 91' lang='lat' dir='ltr'><strong>VI.</strong></span> <span class='ocrx_word' id='word_1_328' title='bbox 394 4126 461 4186; x_wconf 91' lang='lat' dir='ltr'><strong>cop.</strong></span> <span class='ocrx_word' id='word_1_329' title='bbox 479 4103 561 4164; x_wconf 91' lang='lat' dir='ltr'><strong>XVI.</strong></span> <span class='ocrx_word' id='word_1_330' title='bbox 576 4103 686 4164; x_wconf 93' lang='lat' dir='ltr'><strong>XXIV.</strong></span> <span class='ocrx_word' id='word_1_331' title='bbox 717 4103 793 4165; x_wconf 92' lang='lat' dir='ltr'><strong>Vide</strong></span> <span class='ocrx_word' id='word_1_332' title='bbox 812 4114 967 4184; x_wconf 88' lang='lat' dir='ltr'><strong>praeterea</strong></span> <span class='ocrx_word' id='word_1_333' title='bbox 980 4105 1125 4166; x_wconf 80' lang='lat' dir='ltr'><strong>Allatium</strong></span> 
     </span>
     <span class='ocr_line' id='line_1_41' title="bbox 18 4187 1010 4270; baseline 0.004 -23"><span class='ocrx_word' id='word_1_334' title='bbox 18 4187 361 4270; x_wconf 63' lang='lat' dir='ltr'><strong>concordantiusque</strong></span> <span class='ocrx_word' id='word_1_335' title='bbox 381 4191 526 4250; x_wconf 83' lang='lat' dir='ltr'><strong>ecclesiae</strong></span> <span class='ocrx_word' id='word_1_336' title='bbox 550 4209 616 4270; x_wconf 90' lang='lat' dir='ltr'><strong>cap.</strong></span> <span class='ocrx_word' id='word_1_337' title='bbox 631 4188 700 4248; x_wconf 89' lang='lat' dir='ltr'><strong>XV.</strong></span> <span class='ocrx_word' id='word_1_338' title='bbox 721 4209 751 4249; x_wconf 88' lang='lat' dir='ltr'><strong>n.</strong></span> <span class='ocrx_word' id='word_1_339' title='bbox 772 4191 835 4252; x_wconf 88' lang='lat' dir='ltr'><strong>VII.</strong></span> <span class='ocrx_word' id='word_1_340' title='bbox 878 4209 1010 4252; x_wconf 76' lang='lat' dir='ltr'><strong>nucero.</strong></span> 
     </span>
    </p>

    <p class='ocr_par' dir='ltr' id='par_1_9' title="bbox 14 4269 1152 4611">
     <span class='ocr_line' id='line_1_42' title="bbox 61 4269 1124 4358; baseline -0.002 -18"><span class='ocrx_word' id='word_1_341' title='bbox 61 4277 134 4354; x_wconf 74' lang='lat' dir='ltr'><strong>Pvg·</strong></span> <span class='ocrx_word' id='word_1_342' title='bbox 158 4279 230 4352; x_wconf 80' lang='lat'><strong>128,</strong></span> <span class='ocrx_word' id='word_1_343' title='bbox 252 4281 283 4340; x_wconf 87' lang='grc'><strong>7.</strong></span> <span class='ocrx_word' id='word_1_344' title='bbox 328 4277 369 4338; x_wconf 84' lang='lat' dir='ltr'><strong>Oi</strong></span> <span class='ocrx_word' id='word_1_345' title='bbox 391 4273 448 4358; x_wconf 78' lang='grc' dir='ltr'><strong>μὲν</strong></span> <span class='ocrx_word' id='word_1_346' title='bbox 471 4269 644 4358; x_wconf 60' lang='lat' dir='ltr'><strong>hieracion]</strong></span> <span class='ocrx_word' id='word_1_347' title='bbox 679 4272 824 4356; x_wconf 86' lang='lat' dir='ltr'><strong>Pacbym.</strong></span> <span class='ocrx_word' id='word_1_348' title='bbox 856 4275 909 4338; x_wconf 92' lang='lat' dir='ltr'><strong>lib.</strong></span> <span class='ocrx_word' id='word_1_349' title='bbox 933 4275 968 4339; x_wconf 94' lang='lat' dir='ltr'><strong>V.</strong></span> <span class='ocrx_word' id='word_1_350' title='bbox 996 4296 1062 4357; x_wconf 86' lang='lat' dir='ltr'><strong>cap.</strong></span> <span class='ocrx_word' id='word_1_351' title='bbox 1083 4273 1124 4338; x_wconf 82' lang='lat' dir='ltr'><strong>II.</strong></span> 
     </span>
     <span class='ocr_line' id='line_1_43' title="bbox 14 4364 1152 4424; baseline 0.002 -10"><span class='ocrx_word' id='word_1_352' title='bbox 14 4364 106 4419; x_wconf 65' lang='lat' dir='ltr'><strong>tanc.</strong></span> <span class='ocrx_word' id='word_1_353' title='bbox 1147 4407 1152 4424; x_wconf 93' lang='grc'><strong>,</strong></span> 
     </span>
     <span class='ocr_line' id='line_1_44' title="bbox 59 4439 1121 4529; baseline 0 -21"><span class='ocrx_word' id='word_1_354' title='bbox 59 4447 133 4523; x_wconf 76' lang='lat' dir='ltr'><strong>Pag-</strong></span> <span class='ocrx_word' id='word_1_355' title='bbox 158 4447 230 4520; x_wconf 89' lang='grc'><strong>128,</strong></span> <span class='ocrx_word' id='word_1_356' title='bbox 253 4447 301 4510; x_wconf 85' lang='lat'><strong>14.</strong></span> <span class='ocrx_word' id='word_1_357' title='bbox 344 4439 393 4507; x_wconf 82' lang='grc' dir='ltr'><strong>Ἐν</strong></span> <span class='ocrx_word' id='word_1_358' title='bbox 418 4441 537 4521; x_wconf 77' lang='grc' dir='ltr'><strong><em>τούτοις</em></strong></span> <span class='ocrx_word' id='word_1_359' title='bbox 560 4443 665 4527; x_wconf 75' lang='grc' dir='ltr'><strong><em>μέντοι</em></strong></span> <span class='ocrx_word' id='word_1_360' title='bbox 683 4451 748 4521; x_wconf 80' lang='grc' dir='ltr'><strong><em>τοῖς</em></strong></span> <span class='ocrx_word' id='word_1_361' title='bbox 771 4445 906 4529; x_wconf 80' lang='grc' dir='ltr'><strong><em>καιροῖς]</em></strong></span> <span class='ocrx_word' id='word_1_362' title='bbox 928 4444 1005 4505; x_wconf 87' lang='lat' dir='ltr'><strong>Vide</strong></span> <span class='ocrx_word' id='word_1_363' title='bbox 1027 4445 1121 4508; x_wconf 79' lang='lat' dir='ltr'><strong>Leon.</strong></span> 
     </span>
     <span class='ocr_line' id='line_1_45' title="bbox 14 4529 923 4611; baseline 0.011 -28"><span class='ocrx_word' id='word_1_364' title='bbox 14 4532 61 4586; x_wconf 76' lang='lat' dir='ltr'><strong>at.</strong></span> <span class='ocrx_word' id='word_1_365' title='bbox 80 4529 213 4589; x_wconf 87' lang='lat' dir='ltr'><strong>Exercit.</strong></span> <span class='ocrx_word' id='word_1_366' title='bbox 229 4530 260 4588; x_wconf 92' lang='lat' dir='ltr'><strong>in</strong></span> <span class='ocrx_word' id='word_1_367' title='bbox 275 4529 406 4608; x_wconf 85' lang='lat' dir='ltr'><strong>Creigbt.</strong></span> <span class='ocrx_word' id='word_1_368' title='bbox 424 4552 455 4611; x_wconf 89' lang='lat' dir='ltr'><strong>p.</strong></span> <span class='ocrx_word' id='word_1_369' title='bbox 471 4537 543 4599; x_wconf 84' lang='lat'><strong>608.</strong></span> <span class='ocrx_word' id='word_1_370' title='bbox 585 4551 700 4594; x_wconf 78' lang='lat' dir='ltr'><strong>nomm.</strong></span> <span class='ocrx_word' id='word_1_371' title='bbox 921 4553 923 4558; x_wconf 78' lang='grc'>’</span> 
     </span>
    </p>

    <p class='ocr_par' dir='ltr' id='par_1_10' title="bbox 14 4613 1121 4786">
     <span class='ocr_line' id='line_1_46' title="bbox 59 4613 1119 4696; baseline -0.007 -17"><span class='ocrx_word' id='word_1_372' title='bbox 59 4616 129 4692; x_wconf 77' lang='lat' dir='ltr'><strong>Peg.</strong></span> <span class='ocrx_word' id='word_1_373' title='bbox 155 4619 226 4687; x_wconf 88' lang='grc'><strong>128,</strong></span> <span class='ocrx_word' id='word_1_374' title='bbox 252 4617 300 4682; x_wconf 78' lang='grc'><strong>15.</strong></span> <span class='ocrx_word' id='word_1_375' title='bbox 333 4615 453 4694; x_wconf 72' lang='lat' dir='ltr'><strong>”Oropo</strong></span> <span class='ocrx_word' id='word_1_376' title='bbox 469 4616 581 4696; x_wconf 79' lang='grc' dir='ltr'><strong><em>Βὲκος]</em></strong></span> <span class='ocrx_word' id='word_1_377' title='bbox 611 4615 788 4695; x_wconf 86' lang='lat' dir='ltr'><strong>Pachymar.</strong></span> <span class='ocrx_word' id='word_1_378' title='bbox 808 4615 861 4679; x_wconf 86' lang='lat' dir='ltr'><strong>lib.</strong></span> <span class='ocrx_word' id='word_1_379' title='bbox 885 4615 922 4676; x_wconf 92' lang='lat' dir='ltr'><strong>V.</strong></span> <span class='ocrx_word' id='word_1_380' title='bbox 949 4633 1017 4694; x_wconf 88' lang='lat' dir='ltr'><strong>cap.</strong></span> <span class='ocrx_word' id='word_1_381' title='bbox 1037 4613 1119 4678; x_wconf 91' lang='lat' dir='ltr'><strong>XIII.</strong></span> 
     </span>
     <span class='ocr_line' id='line_1_47' title="bbox 14 4681 1121 4786; baseline 0.001 -28"><span class='ocrx_word' id='word_1_382' title='bbox 14 4681 51 4758; x_wconf 70' lang='lat' dir='ltr'><strong>V.</strong></span> <span class='ocrx_word' id='word_1_383' title='bbox 68 4698 135 4758; x_wconf 92' lang='lat' dir='ltr'><strong>XV.</strong></span> <span class='ocrx_word' id='word_1_384' title='bbox 155 4699 253 4764; x_wconf 87' lang='lat' dir='ltr'><strong>XXII.</strong></span> <span class='ocrx_word' id='word_1_385' title='bbox 268 4699 381 4764; x_wconf 92' lang='lat' dir='ltr'><strong>XXIV.</strong></span> <span class='ocrx_word' id='word_1_386' title='bbox 402 4703 541 4766; x_wconf 87' lang='lat' dir='ltr'><strong>XXVIII.</strong></span> <span class='ocrx_word' id='word_1_387' title='bbox 572 4701 663 4767; x_wconf 84' lang='lat' dir='ltr'><strong>Vecci</strong></span> <span class='ocrx_word' id='word_1_388' title='bbox 686 4701 880 4786; x_wconf 86' lang='lat' dir='ltr'><strong>patriarchae</strong></span> <span class='ocrx_word' id='word_1_389' title='bbox 902 4701 1121 4762; x_wconf 78' lang='lat' dir='ltr'><strong>Constantiam-</strong></span> 
     </span>
    </p>
   </div>
   <div class='ocr_carea' id='block_1_3' title="bbox 0 0 1362 5190">
    <p class='ocr_par' dir='ltr' id='par_1_11' title="bbox 0 0 1362 5190">
     <span class='ocr_line' id='line_1_48' title="bbox 0 0 1362 5190; baseline 0 1"><span class='ocrx_word' id='word_1_390' title='bbox 0 0 1362 5190; x_wconf 95' lang='lat' dir='ltr'><strong> </strong></span> 
     </span>
    </p>
   </div>
  </div>
 </body>
</html>
