2714 5190
267 707 504 778 llISTOliIAE
524 704 803 773 BYZANHNAE
819 704 938 776 XXIV.
951 714 982 778 2.
1080 699 1181 772 1143

68 879 176 940 ναῦτα
195 869 351 956 παρόντος
369 873 420 936 καλ
441 875 650 953 πολεμοῦντος
663 867 761 954 συχνά
776 879 840 947 τοῖς
856 868 1097 958 Είκονομάχοις,
1126 871 1262 940 tret'c·
1276 876 1342 934 1851

68 979 106 1042 ἐν
116 980 207 1060 χερσί
222 984 279 1060 τῆς
293 973 397 1059 μάχης
405 972 645 1058 καθισταμένης.
671 972 735 1055 ,,τδ
744 976 802 1056 μίν
815 974 962 1061 φθαρτὸν
976 977 1104 1056 τοῦτο,”
1118 950 1344 1072 (pq-lumbar·

71 1083 136 1159 oiv,
164 1077 382 1160 ,,ἐνδόσασθαι
397 1080 458 1144 δεῖν
475 1076 671 1164 ἀφθαρσίαν,
691 1080 741 1142 καί
756 1077 791 1143 τὸ
806 1078 925 1161 θνητδν
941 1077 1138 1159 ἀθανασίαν,
1163 1077 1180 1146 ό

70 1185 172 1268 με’γας
185 1193 381 1267 μυσταγωγεῖ
392 1177 582 1256 ἀπόστολος·
607 1181 643 1245 τὸ
658 1180 691 1244 δέ
702 1187 793 1263 σῶμα
807 1179 1036 1267 ἀσωματότητα
1049 1180 1181 1248 ἐνδύσα-

51 1293 180 1365 εσθαι,
207 1284 228 1369 ἢ
252 1284 288 1351 τδ
312 1284 434 1350 κτιστὸν
456 1284 599 1368 γενέσθαι
620 1282 783 1364 ἀκτιστον,
814 1282 834 1367 ἢ
857 1284 892 1350 τὸ
912 1289 1117 1372 περίγραπτον
1136 1289 1207 1361 ticli

74 1389 307 1476 ἀπεριγραψίαν
321 1393 575 1470 μετατεθεῖσθαι,
586 1385 672 1453 οόπιο
686 1388 774 1472 μέχρι
790 1389 841 1452 καί
855 1385 987 1473 τήμερον
1000 1389 1183 1473 ἥκουσται.”

76 1495 131 1558 καὶ
151 1489 259 1556 πάλιν
287 1495 353 1571 „eir
369 1488 520 1574 θεότητος
536 1487 629 1577 φάσιν
643 1490 700 1556 οὐκ
714 1489 753 1555 ἀν
772 1497 879 1556 τιτῶν
896 1500 1046 1577 γεννητῶν
1066 1496 1115 1559 καί
1132 1518 1183 1559 τε-

76 1592 218 1662 λοιίντων
241 1596 273 1660 ἐν
288 1597 433 1676 κτίσμασι
454 1595 624 1678 μετασταίη
643 1591 682 1658 ι’ίν
701 1619 787 1675 ποτε,
805 1593 863 1658 κάν
875 1594 1019 1680 μυριάκις
1035 1602 1183 1682 βλασφη-

77 1705 212 1783 μοῦντες
226 1697 255 1763 οἱ
268 1694 472 1779 Εἰκονομάχοι
487 1696 689 1782 φαίνωνται.”
712 1699 762 1761 καί
778 1695 887 1762 πάλιν·
909 1701 966 1778 ,,τί
978 1692 1044 1779 οὖν,
1062 1704 1184 1787 φθείρει

22 1798 102 1886 1οἢ
123 1801 307 1888 ἀφθαρσία,
332 1803 381 1864 καί
401 1796 420 1884 ἡ
439 1799 599 1865 ἀθανασία
620 1796 789 1865 ἀπόλλυσιν
796 1828 808 1884 ,·
835 1800 908 1865 ἀλλ’
933 1802 989 1867 οὖν.
1005 1801 1069 1868 ἐστι
1094 1801 1184 1888 λόγον

78 1904 152 1988 ἐχον
165 1902 257 1970 τοῦτό
271 1903 336 1990 γε.”
354 1901 479 1969 ἀκοόετε
493 1909 559 1977 πῶς
567 1905 617 1967 καλ
631 1899 960 1986 Εἰκονομάχοιςταδτά
974 1903 1214 1991 φθεγγόμενοςθ

79 2012 258 2091 Παλαμᾶς,
287 2004 377 2089 ὁτῆς
394 2013 448 2071 νῦν
463 2006 623 2089 ἐκκλησίας
637 2002 841 2088 διδάσκαλος,
864 2017 930 2084 τοῖς
951 2009 1056 2084 αὐτοῖς
1071 2007 1186 2091 βάλλε-
1292 2039 1296 2052 ·

78 2137 134 2176 ται
157 2112 258 2192 βέλεσι
278 2109 355 2193 πρδς
374 2115 430 2174 τοῦ
451 2116 698 2194 στρατηγοῦντος
714 2113 857 2194 γενναίως
870 2107 947 2194 δπέρ
960 2117 1016 2195 τῆς
1030 2111 1186 2190 εὐσεβείας

81 2214 203 2300 πατρὸς
225 2215 275 2278 καὶ
299 2209 486 2278 διδασκάλου
513 2218 569 2295 τῆς
593 2212 761 2296 ἐκκλησίας.
797 2215 848 2277 καί
871 2219 971 2279 ταῦτα
991 2215 1048 2297 μέν
1074 2222 1185 2280 τοῦτον

33 2316 154 2400 15ἴσχε
174 2317 229 2382 τδν
252 2312 388 2401 τρόπον·
415 2317 466 2380 καλ
491 2312 574 2382 osiam
592 2313 649 2380 σάν
663 2341 696 2400 γε
717 2321 784 2404 θεῷ
800 2315 873 2392 τοὺς
892 2312 1003 2402 λόγους
1018 2313 1183 2402 ἠνάσαμεν,

79 2416 158 2495 τοιίς
181 2445 215 2485 τε
232 2426 288 2485 νῦν
315 2415 387 2502 όμῖν
412 2417 642 2506 προστιθέντας
664 2421 715 2485 καλ
739 2418 794 2495 οὓς
813 2419 928 2500 μεταξιλ
952 2421 1009 2503 μέν
1035 2417 1105 2486 τότε
1129 2426 1186 2486 τοῦ

80 2522 202 2607 ἀγῶνος
224 2519 419 2606 ἐνεστηκότος
438 2525 488 2587 καί
510 2527 567 2606 τῆς
585 2524 691 2611 χρείας
707 2519 935 2608 ἀναγκαζούσης
951 2517 1108 2612 διῄειμεν,Ι
1127 2531 1217 2590 sunu

80 2626 188 2728 δέκδιά
202 2633 301 2707 μῆκος
317 2626 530 2710 παρελίπομεν.

161 2725 204 2810 β’.
228 2727 369 2803 Ἕκείνοις
379 2728 436 2810 μέν
457 2725 500 2792 δι’
520 2725 688 2808 ἀπεχθείας
702 2728 753 2793 καί
769 2724 890 2815 βάρους
904 2735 1027 2816 μακροῦ
1044 2728 1085 2796 τά
1102 2725 1190 2816 λεγό-

37 2843 164 2915 Ξομενα
176 2822 241 2916 ἧκε,
260 2833 310 2895 καί
326 2832 356 2906 ἐς
372 2829 468 2895 πολδν
484 2829 520 2896 τδ
536 2827 734 2911 θυμούμενον
749 2838 806 2916 τῆς
819 2839 925 2915 ψυχῆς
941 2830 1085 2921 ἐξερράγη
1101 2833 1189 2920 σφίσι

80 2931 220 3020 πυρσόν·
249 2935 298 2997 καλ
314 2931 415 3021 ὥσπερ
441 2933 585 3015 ἐμμανεῖς
604 2930 758 3017 γενόμενοι
780 2937 866 2999 δυοῖν
880 2934 1016 3021 ἐφασκον
1031 2934 1107 3001 εἶναι
1123 2932 1189 3001 θά·

80 3062 175 3124 τερον
190 3037 222 3113 ἐξ
237 3032 388 3123 ἀνάγκης·
418 3034 529 3124 ἢγάρ,
554 3032 660 3122 ἁγίους
681 3036 791 3119 ὄντας,
813 3037 859 3122 μὴ
880 3036 974 3123 λέγειν
993 3044 1142 3104 τοιαῦτα·
1168 3035 1190 3122 ἢ

155 3167 182 3220 6.
198 3163 440 3236 μιτατεθὴστσθαι
455 3165 488 3219 al.
503 3170 530 3218 et
544 3142 647 3234 quidem
657 3165 772 3233 rectius,
786 3165 867 3221 iudic.
881 3166 966 3237 Capp.
1041 3169 1083 3223 16.
1101 3181 1190 3234 προτ-

155 3234 288 3298 τεθέντας
297 3253 345 3288 em.
357 3233 655 3306 Οορρ.,προστεθέντες
668 3253 759 3306 apogr.
811 3240 854 3295 19.
870 3231 1022 3306 ἀπεχθείας
1034 3253 1083 3290 em.
1093 3237 1192 3306 capp„

154 3302 309 3374 ἀπιγθείαν
319 3322 410 3374 apogr.

81 3407 218 3463 nomacbis
233 3409 337 3462 assidue
351 3408 518 3474 decertabat,
537 3411 630 3476 utpote
642 3423 699 3460 cum
713 3404 746 3460 ad
760 3423 850 3461 manas
870 3414 933 3461 tunc
948 3413 1052 3462 ventum
1075 3411 1146 3461 esset
1164 3411 1192 3460 at

81 3495 175 3549 pugna
198 3479 325 3531 ferveret:
347 3476 477 3541 „Quod‚”
493 3477 594 3546 inquit,
620 3476 689 3540 „boc
708 3477 809 3546 quidem
828 3478 997 3546 corruptibile
1016 3484 1137 3548 oporteat
1149 3476 1192 3529 in·

84 3548 168 3600 cluere
182 3545 465 3617 incorruptibilitatem,
482 3554 510 3598 et
522 3545 630 3598 mortale
644 3547 693 3598 boc
703 3544 932 3611 immortalitatem,
949 3564 1054 3615 magnus
1068 3564 1115 3599 noa
1128 3546 1192 3598 edo·

84 3623 130 3668 oet
142 3617 298 3684 Apostolusr
318 3623 346 3668 at
360 3618 494 3683 bucusque
508 3632 558 3666 non
573 3614 755 3678 mauditum,
773 3615 841 3683 quod
855 3632 951 3684 corpus
962 3617 1190 3685 incorporeitatem

83 3683 197 3737 iuduere
211 3685 319 3749 debeat,
343 3693 389 3738 aut
409 3685 550 3736 increatum
568 3683 641 3748 lieri,
659 3684 729 3754 quod
750 3691 864 3737 creatum
886 3693 943 3749 est,
962 3693 1008 3737 aut
1028 3683 1190 3737 circumscri-

83 3762 161 3822 ptum
182 3752 209 3805 in
230 3753 479 3822 incircumscriptum
495 3752 667 3806 commutari.”
701 3753 739 3806 Et
760 3753 866 3805 iterumz
884 3754 934 3817 „ln
951 3754 1095 3807 divinitatis
1114 3763 1191 3806 natu-

84 3838 144 3874 ram
166 3822 228 3875 nihil
247 3840 331 3877 rerum
351 3824 477 3875 factarum
492 3829 520 3874 et
536 3839 604 3891 quae
621 3823 649 3874 iu
667 3832 841 3875 creaturarum
853 3823 911 3875 albo
924 3833 1109 3884 recensentur,
1127 3838 1191 3874 con-

84 3889 156 3944 verti
175 3893 286 3960 poterit,
304 3893 420 3960 quamvis
439 3892 466 3944 id
483 3891 643 3944 iconomachi
659 3893 806 3944 sexcenties
824 3891 1023 3962 blasphemando
1046 3889 1192 3946 effutiant.’'

84 3960 127 4012 Et
140 3976 242 4012 rursus:
256 3960 347 4024 „Quid
363 3961 464 4029 igitur?
481 3960 711 4031 incorruptibilitas
723 3961 875 4031 corrumpit,
891 3971 920 4014 et
927 3962 1106 4015 immortalitas
1122 3977 1192 4013 mor-

84 4037 140 4081 tem
156 4029 256 4081 inserti
275 4036 301 4081 at
315 4031 403 4083 bocab
418 4031 483 4083 omni
490 4030 591 4083 ratione
603 4030 713 4082 alienum
720 4028 785 4082 est.'‘
806 4031 917 4095 Auditis,
931 4031 1191 4100 ηοοιυοδοΡιιλειοοι,
1301 4090 1302 4094 ¹

84 4098 233 4217 praesentia
248 4099 373 4151 ecclesiae
387 4101 492 4163 doctor,
510 4100 598 4152 eadem
618 4116 673 4151 cum
685 4099 861 4152 launomacbis
877 4101 957 4152 verba
977 4101 1126 4169 proferena,
1145 4098 1193 4149 iia-

105 4182 145 4217 em
162 4183 265 4236 quoque
283 4168 342 4220 telis
358 4170 531 4238 conligatura
552 4178 640 4221 sancto
663 4168 744 4220 Patra
759 4177 785 4221 et
801 4169 926 4222 ecclesiae
939 4169 1056 4236 doctore,
1074 4169 1118 4238 qui
1133 4183 1193 4218 sus·

84 4234 158 4301 cepti
180 4252 228 4304 pro
247 4237 372 4289 catholica
392 4237 443 4291 fide
461 4237 521 4289 belli
540 4254 691 4306 generosum
711 4255 769 4290 aese
786 4239 876 4291 ducem
898 4239 1028 4308 praebuit.
1070 4238 1108 4290 ut
1127 4237 1192 4288 baec

85 4303 190 4373 quidem
210 4305 246 4357 ita
267 4322 296 4356 se
311 4307 469 4358 habuerunta
492 4307 582 4374 sicque
601 4307 656 4359 Deo
679 4306 787 4360 iuvante
802 4325 931 4361 sermones
949 4308 1008 4360 illos
1027 4305 1192 4368 absolvimus,

83 4380 140 4425 tum
155 4390 219 4442 quos
237 4376 344 4427 nuncin
360 4375 468 4428 medium
483 4376 556 4427 vobis
572 4375 708 4428 referendo
725 4379 916 4446 proposuimus,
936 4386 988 4428 tum
1009 4392 1075 4444 quos
1093 4372 1193 4426 calente

84 4458 176 4512 pugna
192 4452 220 4494 et
233 4451 343 4511 cogente
362 4456 423 4497 tunc
442 4444 598 4498 necessitate
612 4446 732 4510 babitus,
750 4446 784 4497 ob
797 4446 898 4499 nimiam
915 4443 1099 4513 longitudinem
1117 4441 1193 4494 mado

83 4511 312 4582 praetermisimus.

156 4582 183 4636 2.
201 4580 249 4632 lsti
262 4598 338 4650 porro
355 4600 486 4635 sermones
497 4581 550 4634 illis
561 4581 637 4634 valde
648 4581 730 4635 odiosi
741 4600 772 4635 ac
785 4583 885 4636 molesti
895 4581 1054 4643 acciderunt,
1072 4585 1100 4632 et
1110 4594 1193 4630 erum-

82 4657 167 4720 pente
179 4649 293 4719 ipaorum
307 4667 339 4702 ex
349 4653 443 4704 'animis
458 4653 498 4705 ira
513 4651 723 4715 excanduerunt3
744 4660 771 4705 et
786 4652 866 4713 veluti
881 4652 988 4721 quodam
1000 4649 1087 4700 lurore
1097 4646 1194 4731 perciti

83 4736 101 4772 a
118 4718 222 4773 duobus
238 4718 347 4774 alterum
358 4721 505 4775 necessario
520 4720 647 4790 αοοεεηοῖ
659 4721 825 4776 assuebant:
843 4722 905 4786 „vel
919 4717 1014 4782 aaim,’'
1030 4717 1193 4789 inquiebant,
