2804 4778
101 329 105 334 .
208 269 310 346 1162
592 273 951 347 ANNOTATIONFS.

168 500 174 524 ·.
296 441 371 519 Peg.
384 438 452 512 st,
473 438 525 502 22.
566 427 732 518 Ἑετῆνεγκε
750 429 848 522 τούτῳ
868 431 927 516 τῆν
940 433 1105 518 ’τελεντῆν]
1140 435 1230 502 duno
1255 439 1362 509 Mundi

181 575 184 588 2
211 527 262 589 VI.
281 520 508 584 MDCCLXVII.
532 529 567 579 ut
593 530 712 580 constat
732 541 770 580 ex
795 521 1016 602 imperatorum
1042 524 1119 584 serie
1142 524 1362 608 chronologice

213 612 333 691 saepius
352 610 411 668 isus
431 615 603 668 memorata.
646 606 716 667 Fuit
739 615 838 666 autem
859 608 885 666 is
904 628 1019 684 annus,
1039 629 1172 670 smense
1189 615 1361 692 Septembri

211 697 250 759 ad
271 692 460 766 Ianuarium,
484 711 579 750 annus
597 689 708 751 Christi
727 693 911 755 MCCLVIII.
927 717 945 752 a
965 693 1104 754 Ianuario
1120 705 1221 758 autem
1236 698 1278 758 ad
1294 701 1359 759 Au·

210 781 291 862 gusti
304 779 411 853 finem,
432 777 587 838 mccclx.
629 776 709 837 Hinc
721 778 864 838 Possinus
879 777 1073 839 Theodorum
1088 783 1240 842 Lascarim
1254 784 1359 844 iunio-

209 889 273 930 rem
289 862 453 925 decessisse
464 861 594 920 affirmat
609 883 687 921 suno
701 861 813 922 Christi
827 864 982 924 MCCLIX.
997 866 1153 926 Mauritius
1170 868 1282 946 David,
1304 891 1358 928 an-

210 973 251 1014 no
266 947 447 1011 MCCLVIII.
469 947 563 1006 Favet
576 947 702 1008 Possino
717 949 821 1007 eadem
838 950 889 1008 ilIa
908 950 1001 1010 series
1016 949 1251 1031 chronologica,
1281 973 1357 1033 quae

212 1048 344 1118 quatuor
370 1051 464 1092 annos
483 1031 602 1110 imperii
622 1032 754 1109 assignat
773 1031 934 1095 Theodoro
955 1036 1089 1106 Laecam,
1111 1057 1173 1095 non
1189 1049 1276 1098 'vero
1298 1049 1356 1100 tres

211 1117 1003 1284 ‘5⁸¹²⁰...Iltbssttt‘te2tt⁰td¹ttt¹¹tttttt
1022 1121 1057 1266 t
1075 1122 1220 1266 ”tit-¹²
1264 1124 1355 1184 Μ

209 1228 297 1267 essm
668 1246 674 1261 .
738 1246 745 1259 ·
830 1253 838 1268 .
969 1227 1020 1266 au
1082 1228 1099 1265 a
1153 1227 1354 1270 simerasse

207 1293 259 1352 itte
276 1291 396 1351 dicitur.
439 1287 596 1348 Mauritius
609 1288 706 1348 stid
723 1289 893 1369 opinionem
909 1309 993 1350 suam
1006 1289 1200 1371 Psobymeris
1215 1229 1353 1355 sdctori-

208 1386 270 1438 tate
285 1385 315 1438 et
327 1373 536 1456 probabilibus
548 1375 730 1448 argumentis
747 1374 894 1437 defendit.
935 1396 1048 1437 aorvrn.

293 1466 363 1540 Peg·
385 1465 442 1533 61,
466 1463 517 1524 22.
555 1450 760 1543 Ἀλλαξαμὲνῳ
787 1453 957 1542 προθύμως
981 1457 1017 1525 cd
1039 1465 1138 1542 σχῆμα
1159 1459 1273 1544 μικρὸν
1295 1459 1350 1546 πρὸ

206 1551 262 1628 τῆς
279 1543 432 1623 τελευτῆς]
455 1545 626 1623 Ducangius
642 1546 750 1620 vertit,
772 1548 824 1627 qui
838 1543 979 1608 alacriter
987 1569 1111 1628 paruum
1126 1545 1264 1607 habitum
1280 1572 1350 1629 pas·

206 1631 238 1695 lo
257 1646 326 1692 ante
345 1629 457 1692 obitum
477 1628 654 1691 monachico
674 1628 803 1691 cucullio
825 1635 1005 1708 mutaveram
1035 1641 1065 1690 et
1082 1631 1240 1692 Phrsnaae
1264 1634 1350 1693 testi·

205 1718 308 1780 monio
321 1716 435 1792 utitur,
458 1714 542 1793 quod
559 1724 657 1775 tamen
675 1715 814 1794 congruit
833 1736 901 1774 cum
925 1717 1171 1796 interpretatione
1189 1718 1347 1780 WoIfiana.

205 1803 360 1866 Pbrsnzas
380 1800 474 1860 verbs
495 1810 580 1875 sunt,
609 1821 676 1860 cum
699 1797 791 1881 paulo
815 1814 883 1859 unte
902 1815 1023 1861 mortem
1045 1801 1186 1862 monachi
1215 1801 1348 1864 habitum

203 1887 354 1951 induisset.
396 1885 464 1967 Ipse
480 1887 667 1964 Ducangius,
686 1895 846 1965 postquam
867 1880 899 1948 sd
918 1891 1017 1966 σχῆμα
1034 1883 1142 1967 μικρόν
1153 1909 1282 1968 paruum
1296 1888 1347 1948 ba.

205 1971 296 2034 ditum
313 1974 529 2051 interpretatus
545 1980 605 2048 est,
629 1971 752 2033 eandem
768 1991 872 2030 vocem
890 1967 1008 2054 pinedo,
1030 1972 1115 2051 quasi
1130 1975 1301 2052 repetitam,
1316 1983 1348 2033 ut

202 2059 378 2121 adverbium
397 2058 625 2137 iuterpretatur.
667 2075 782 2117 sorsin.

290 2148 361 2226 Peg.
383 2147 441 2220 61,
463 2149 514 2211 28.
560 2141 600 2207 Τὸ
614 2147 712 2222 σχῆμα
730 2137 852 2221 μικρὸν]
874 2139 1025 2202 Phranzes
1038 2142 1093 2205 Iib.
1108 2143 1133 2204 I.
1154 2163 1222 2222 cap.
1244 2143 1296 2202 III.
1318 2142 1344 2202 Is

203 2251 269 2292 mos
284 2229 365 2310 apud
381 2230 513 2290 Graecos
527 2228 704 2309 praesertim
721 2227 905 2305 invaluerat,
927 2237 962 2287 ut
976 2247 1044 2286 cum
1062 2229 1093 2287 in
1114 2231 1259 2288 extremis
1281 2248 1344 2287 ver·

203 2326 351 2391 serentur,
372 2315 581 2375 monachicum
597 2312 733 2372 habitum
742 2321 904 2387 sumerent,
926 2311 1009 2371 illum
1026 2314 1151 2388 scilicet,
1167 2333 1258 2393 quem
1273 2335 1343 2393 par·

201 2425 268 2464 vum
285 2401 441 2463 vocsbsnt.
455 2399 610 2460 Interdum
623 2398 722 2470 etiam,
735 2416 803 2457 cum
820 2397 940 2457 morbos
948 2397 1180 2474 ingravesceret,
1193 2420 1341 2479 magnum,

203 2508 265 2569 quo
279 2487 405 2569 perfecti
421 2484 577 2562 monachi,
599 2492 635 2542 ut
647 2482 783 2560 loquitur
798 2481 949 2544 Phranaea
967 2483 1004 2542 de
1020 2484 1119 2564 seipso
1135 2484 1212 2545 Hist.
1223 2483 1278 2543 lib.
1292 2483 1341 2544 III.

202 2594 269 2654 csp.
284 2578 336 2638 30.
350 2593 404 2634 seu
424 2565 641 2653 μεγαλόσχημοε
660 2577 862 2642 morerentur,
891 2567 1043 2648 quomodo
1059 2569 1269 2646 vocabantur,
1291 2569 1340 2648 qui

200 2660 238 2719 sd
253 2679 399 2718 summum
414 2653 606 2715 monschicue
621 2653 812 2731 perfectionis
827 2652 942 2732 apicem
958 2664 1166 2734 pervenerant.
1196 2654 1231 2713 Id
1247 2673 1339 2735 porro

199 2745 237 2805 de
258 2744 419 2804 Theodoro
444 2741 527 2800 bisce
555 2736 654 2796 verbis
675 2737 816 2814 intelligit
840 2741 1003 2816 Gregorss,
1034 2759 1111 2818 quae
1135 2741 1237 2800 minus
1258 2749 1338 2800 recte

195 2830 331 2892 reddidit
344 2823 509 2906 interp'rss:
533 2816 724 2903 ἅλλαξαμένῳ
739 2817 909 2904 προθύμως
921 2821 954 2887 ad
970 2827 1069 2904 σχῆμα
1089 2821 1199 2905 pinedo
1213 2822 1338 2906 πρὸτῆς

195 2918 335 2994 τελευτῆς
354 2913 385 2985 ἐς
406 2905 440 2973 sd
460 2901 625 2990 μοναχικὸν
642 2901 818 2985 τριβώνιον,
843 2928 918 2986 quae
934 2911 978 2968 sio
998 2911 1138 2969 vertenda
1162 2921 1266 2986 erant,
1288 2908 1338 2990 qui

197 2997 338 3061 alacriter
350 3016 474 3076 paruum
498 2989 630 3050 tadicum
648 2987 743 3070 paulo
770 3005 839 3051 cnse
866 2991 977 3053 obitum
1002 2993 1177 3054 monachico
1208 2991 1335 3056 cucullio

194 3097 368 3145 mutauerat.
414 3078 468 3138 Ubi
486 3073 623 3134 Wolfius:
644 3077 697 3154 qui
713 3073 806 3155 paulo
826 3077 1018 3138 ansechisum
1041 3076 1183 3139 alacriter
1195 3079 1336 3140 monosti-

194 3192 261 3230 cum
289 3163 421 3227 habitum
448 3157 556 3220 induit.
598 3158 739 3219 Primitus
768 3161 844 3220 enim
872 3183 999 3242 parvum
1027 3161 1163 3222 habitum
1195 3165 1335 3225 induerat

191 3251 386 3322 Theodorus,
413 3243 520 3307 deindo
538 3261 693 3322 magnum,
716 3243 783 3325 quo
799 3242 1020 3328 μεγαλόσχῆμος
1032 3258 1211 3311 moreretur.
1260 3255 1333 3312 Me-

189 3328 387 3422 γαλοσχῆμων
404 3339 504 3390 autsm
518 3330 672 3408 peculiare
687 3341 751 3390 erat
765 3326 982 3411 κοννούλλιον,
1003 3333 1085 3412 quod
1104 3328 1272 3415 τριβώνιον
1285 3332 1333 3392 bic

186 3409 1174 3568 ttttttttstttttz.ttbtttttttttttttVV-tt‘
1197 3420 1331 3564 tzttt·

239 3525 344 3668 ang.
366 3587 423 3656 61,
447 3582 499 3647 25.
543 3582 607 3646 Καὶ
629 3581 922 3669 montecassino]
946 3585 981 3648 td
1000 3527 1221 3668 ipsunib‘cribit
1242 3591 1330 3651 dero·

184 3671 292 3758 polite.
333 3687 462 3728 uocans.

269 3759 340 3834 Psg.
363 3756 421 3828 62,
440 3751 471 3815 4·
494 3744 584 3835 ’Λνῆρ
600 3751 658 3836 γάρ
672 3777 718 3829 τις
738 3752 930 3836 Montibus]
949 3755 1123 3838 Acropolite
1134 3777 1200 3838 esp.
1211 3757 1329 3821 LXXV.

178 3837 377 3918 Pacbymeres
398 3837 450 3896 lib.
473 3836 496 3898 I.
520 3859 586 3918 cap.
601 3839 679 3903 VIII.
701 3841 770 3902 XII.
786 3841 853 3901 XV.
871 3842 952 3902 XVI.
972 3843 1079 3905 XVIII.
1095 3843 1179 3902 XIX.
1215 3843 1330 3904 Phrsu-

177 3945 228 3986 asa
248 3921 301 3984 bb.
316 3923 337 3986 I.
355 3941 423 4003 cap.
436 3922 488 3986 III.
512 3923 675 3986 Historiam
695 3936 727 3986 et
746 3927 900 3988 sortunsm
921 3927 1088 3988 Muaalouis
1109 3929 1327 4012 perstringunt

175 4027 309 4072 suusne.

259 4096 333 4172 Pug-
355 4096 413 4169 62,
435 4098 487 4159 22.
527 4083 585 4158 Ἦν
598 4089 656 4176 γὰρ
672 4093 758 4159 ἕκτον
771 4100 936 4177 τηνικαῦτα
950 4087 1085 4159 decorior
1101 4089 1163 4160 sind
1185 4096 1326 4178 γενέσεως

171 4174 256 4260 ἔτος]
280 4179 456 4257 Acropolits
471 4201 536 4260 esp.
557 4182 676 4243 LXXV.
697 4177 785 4245 οὕτω
806 4179 863 4267 yde
884 4184 1004 4245 τελείων
1026 4179 1163 4265 ὑπῆρχεν
1180 4185 1325 4250 ἐνιαυτῶν

167 4257 254 4327 ἀετοί.
283 4261 485 4344 Pachymeres
507 4286 674 4330 novennem
690 4266 776 4329 fecit.
818 4288 934 4330 aosvrn.
