2706 5160
120 637 126 662 Ἰ
183 677 259 756 cot
490 683 725 758 mearuoru
746 683 990 755 canconua
1074 737 1081 744 .

22 865 52 914 Α.
65 861 99 913 bt.
112 849 310 942 6851γνώμην
330 847 489 936 δήπουθεν
512 848 598 939 αὐτῷ
619 849 659 917 td
680 846 846 938 πράγματα
863 847 1014 939 ἀπαντᾷν.
1049 847 1212 932 πεποίηται
1220 847 1293 932 μίν-

54 933 106 984 Μ’
119 933 152 986 ¹¹
186 984 235 1024 τοι
251 957 309 1041 τὴν
329 952 525 1042 ἀναχώρησιν
542 953 631 1040 μίχρι
648 955 701 1020 καί
725 955 757 1032 ίς
773 951 862 1020 πόλιν
878 953 936 1037 τὴν
958 953 1215 1036 Στρουμμίτζαν,
1244 955 1294 1017 καὶ

186 1059 246 1128 ὅσα
262 1059 397 1126 ίπίιιεινα
410 1059 511 1146 χωρία
524 1049 816 1140 ἦνάναπεπταμίνο
835 1081 868 1122 τε
889 1058 940 1121 καλ
957 1054 1130 1138 interilum·
1159 1055 1240 1121 ἔνθα
1255 1055 1293 1140 δὴ

187 1167 238 1230 aori
255 1163 311 1230 τόν
325 1159 456 1246 Κράλην
471 1162 605 1244 Σερβίας
618 1160 676 1237 τάς
689 1159 830 1238 ἐπαύλεις
845 1165 1000 1224 ποιεῖσθαι
1015 1158 1092 1236 τέως
1104 1159 1291 1241 συνίβαινεν.

188 1267 259 1355 (B.)
286 1263 342 1341 Εἷς
361 1269 380 1332 d
387 1264 397 1290 ²
424 1257 462 1348 ἢν
487 1263 547 1348 ἤδη
572 1270 637 1330 τῶν
653 1265 738 1352 αὐτῷ
762 1261 918 1346 ἕπομίνων
930 1264 982 1328 καὶ
999 1257 1123 1354 όἈσάν
1135 1258 1318 1345 Ἰωόννης.5

187 1370 205 1436 ό
221 1369 280 1456 γὰρ
301 1367 361 1456 πρὸ
380 1367 514 1452 βραχέος
536 1363 743 1453 ἐπιτροπεύων
760 1360 799 1452 ἦν
811 1367 985 1433 Μιλενίιιου
1007 1363 1158 1452 φροόριον
1168 1413 1179 1444 ,
1207 1365 1294 1430 ἐντο-

36 1491 41 1504 ·
154 1473 254 1549 Diale
268 1479 324 1538 νῦν
336 1476 511 1555 βασιλικαῖς
524 1477 569 1561 τῷ
584 1469 692 1557 Χρίλῃ
714 1469 943 1558 παραδεδωκώς
968 1468 1047 1556 πρὸς
1064 1467 1196 1552 βασιλία
1218 1465 1295 1554 ἀφί-

185 1601 254 1640 ιιετο
262 1603 278 1656 ,·
288 1615 289 1618 ¹
301 1578 353 1641 καί
368 1575 492 1640 ductiles
508 1573 610 1640 συνών
627 1573 733 1662 αάτρλ,
764 1578 967 1658 συσκηνοῦντι
985 1572 1062 1647 τίως
1075 1578 1119 1660 τῷ
1138 1576 1201 1636 τῶν
1216 1575 1296 1656 Τρι·

184 1682 310 1766 βαλλών
333 1675 465 1762 ἡγεμόνι.
518 1673 586 1763 (Γ.)
604 1675 714 1761 Ἔτυχε
738 1676 772 1742 d'
799 1675 950 1764 ἀηιγμίνη
972 1681 1140 1758 τηνικαῦτα
1157 1673 1216 1739 κάκ
1235 1671 1296 1739 πό-

184 1788 261 1857 λεως
276 1782 427 1869 Βερῥοίας
445 1782 592 1867 πρεσβεία
615 1785 659 1868 τῷ
681 1775 812 1867 Κράλη,
848 1775 956 1864 λόγους
976 1780 1046 1862 περὶ
1060 1769 1104 1844 ὧν
1116 1774 1224 1864 ἀπῄτει
1240 1799 1335 1851 aro-10

184 1887 323 1968 μίζουσα.
342 1887 393 1950 καί
425 1887 559 1969 ζητοῦσα
584 1889 700 1968 μαθεῖν
722 1882 875 1969 ἀκριβῶς,
910 1880 1034 1948 droul
1057 1878 1182 1967 γνώμην
1200 1882 1294 1948 ίστίν.

186 1985 293 2074 ἀπῄτει
309 1987 341 2053 d'
366 1983 503 2072 ἀπήισαν
518 1986 576 2071 τὴν
590 1985 680 2054 πόλιν
692 1983 795 2076 τοότρι
807 1984 952 2072 γενίσθαι
968 1988 1021 2050 καὶ
1034 1981 1226 2071 ὑποχείριον,
1254 1991 1295 2071 τῇ

155 2089 350 2176 Εάκροπόλει
378 2089 520 2179 φρουρὰν
546 2094 732 2176 Τριβαλλῶν
754 2086 939 2172 ἐμβαλόντι,
980 2090 1052 2176 πρὶν
1078 2086 1117 2152 ἀν
1142 2086 1297 2153 ἀκουσίων

186 2194 291 2262 αὐτῶν
303 2195 438 2277 πολίμου
453 2191 559 2276 νόμοις
571 2193 874 2279 ἓξονδραποιλίσηταί
888 2217 921 2257 τε
935 2193 986 2257 ιιαλ
998 2187 1156 2279 δίαρπάσῃ
1171 2193 1222 2256 καί
1236 2187 1299 2256 πό-

187 2303 235 2364 λιν
258 2300 309 2363 ιιαλ
338 2299 437 2373 clarior
462 2295 529 2380 ἀμα
552 2297 604 2362 καὶ
627 2299 746 2386 γυναιξὶ
766 2297 818 2361 καλ
840 2294 964 2371 τέκνοις.
1001 2305 1067 2371 τοῖς
1092 2293 1199 2375 μέντοι
1208 2311 1296 2382 ’πρε-
1307 2313 1337 2368 15

187 2399 332 2484 σβεόοοσι
350 2391 570 2484 καταπλαγεῒσι
590 2397 670 2486 πρὸς
689 2397 748 2482 τὴν
767 2404 831 2465 τῶν
850 2398 1018 2484 λεγομίνων
1042 2399 1224 2484 ίμβρίθειαν
1244 2398 1298 2462 καί

186 2503 359 2584 ἀποτομίαν
385 2503 470 2580 ἔδοξε
497 2501 620 2584 βέλτιον
646 2498 755 2587 λόθρα
789 2497 1072 2587 ιιοινολογήσασθαι
1101 2506 1146 2589 τῷ
1175 2506 1302 2583 βασιλεῖ’

92 2605 122 2660 Ρ·
130 2600 456 2696 monumemtum,
493 2608 544 2670 καί
562 2607 671 2671 δοῦναι
694 2604 840 2692 λαμπρὰς
859 2604 917 2680 τάς
940 2602 1066 2690 ίγγόας,
1101 2607 1127 2670 εἰ
1149 2601 1297 2688 βοόλοιτο

187 2709 245 2792 τὴν
267 2712 415 2793 ταχίστην
437 2705 548 2775 λαθών
571 2713 783 2795 παρεισελθεῖν
804 2712 856 2774 καί
872 2713 978 2790 λαβεῖν
991 2706 1122 2792 ἀπονητί
1135 2707 1192 2793 τὴν
1207 2705 1299 2774 πόλιν

188 2808 292 2888 αάτός.
320 2809 397 2877 εἶναι
420 2811 479 2898 γὰρ
501 2807 677 2892 μανιώδους
695 2818 805 2896 ψνχῆρ
822 2813 874 2876 sol
888 2807 1031 2897 γνώμης,
1059 2810 1218 2897 αἱρεῖσθαι
1235 2810 1340 2896 audeo

75 2913 80 2918 ’
187 2921 244 2982 τοῦ
259 2911 374 3002 ἢμίρου
388 2914 424 2981 τό
439 2912 604 3001 βόρβορον
611 2961 622 2994 ,
650 2915 701 2979 καλ
716 2921 870 3008 προτιμᾷν
882 2921 940 2998 τῆς
953 2910 1116 3001 ἀμοφόλου
1130 2912 1188 3000 τὴν
1202 2911 1299 2980 ἀλλό-

107 3015 121 3052 ²
187 3016 287 3107 quida
310 3043 344 3084 τε
367 3020 417 3083 sol
439 3013 539 3084 νόθον
561 3013 733 3103 ἡγεμονίαν.
767 3015 888 3084 τοότων
914 3015 996 3084 οὕτω
1021 3018 1298 3085 συσκευασθέντων

187 3124 238 3186 καὶ
254 3122 459 3208 κυρωθέντων
475 3123 546 3207 πρὶν
562 3119 736 3222 αίσθίσθαι
756 3121 830 3198 rode
846 3119 1062 3207 Τριβαλλοάς,
1090 3119 1195 3208 λόγοις
1213 3121 1302 3188 ἀπα--ι

159 3231 293 3310 Βτηλοΐς
303 3249 364 3290 τισι
376 3227 616 3311 μετεωρίσαντες
630 3223 688 3308 τὴν
700 3229 757 3290 τοῦ
772 3220 884 3312 Κρόλη
898 3221 1037 3290 ιλιάνοιαν
1051 3223 1081 3290 oi
1096 3226 1129 3289 ίιι
1143 3223 1298 3314 Βερῥοίας

182 3329 325 3416 πρέσβεις
350 3328 402 3393 ἐπ’
425 3327 511 3396 οἷἰιου
540 3324 758 3415 ἀνεχώρησαν,
793 3327 1034 3414 ἀπαγγέλλοντες
1060 3338 1126 3404 τοῖς
1160 3329 1192 3394 ds
1216 3331 1337 3416 Regi-25

185 3474 218 3510 aa
231 3457 360 3511 sententia
374 3475 418 3512 ree
431 3458 615 3512 succedebant.
651 3455 742 3510 ilediit
753 3462 839 3510 nmen
855 3463 926 3512 retro
942 3457 976 3511 ad
992 3459 1081 3510 urbern
1098 3473 1182 3525 usqne
1195 3457 1297 3510 Strum-

185 3525 304 3590 mitram,
328 3535 356 3581 et
377 3544 493 3597 quaeoun
512 3544 544 3582 ne
564 3527 625 3581 illac
647 3535 741 3596 aperta
761 3535 840 3596 atque
858 3527 1010 3596 equitabilis
1030 3526 1087 3580 loca
1104 3533 1179 3590 enut3
1206 3527 1253 3578 nbi
1272 3533 1300 3578 et

186 3591 278 3646 Orales
292 3595 401 3650 serviae
419 3603 474 3649 tum
493 3547 563 3649 lorte
581 3597 774 3649 diversabntur.
809 3596 872 3664 (ΙΙ.)
890 3597 943 3650 lam
959 3605 1044 3648 autera
1057 3595 1127 3648 iilum
1140 3597 1299 3664 sequebatur

188 3669 217 3715 et
230 3662 337 3716 ioannes
350 3681 451 3734 quoqne
463 3668 572 3718 Aeaeae.
595 3665 651 3720 flio
668 3665 734 3717 enim
747 3663 823 3734 paulo
837 3673 898 3718 ante
910 3675 1031 3734 praeerat
1044 3663 1165 3718 blelenici
1182 3664 1298 3717 castello.

189 3731 252 3785 Mox
265 3748 323 3784 cnm
334 3733 398 3785 illud
415 3733 449 3786 im
468 3733 580 3786 aratoria
595 3733 668 3788 iussn
684 3734 771 3786 (ibreii
786 3734 948 3797 tradidisset,
966 3733 1111 3786 contulerat
1125 3751 1153 3786 ae
1168 3735 1202 3786 ad
1215 3735 1298 3803 impe-

188 3809 315 3863 ratorem,
332 3807 359 3854 ct
372 3801 412 3864 ei,
457 3803 606 3857 ribaliorum
619 3802 690 3872 regis
708 3803 899 3868 contubernali,
916 3821 1000 3856 onmes
1017 3803 1184 3857 adhaerabat.
1220 3803 1297 3870 (ΙΙΙ.)

188 3868 269 3922 Forte
288 3886 319 3922 eo
338 3876 454 3939 mpure
469 3871 611 3926 advenerat
629 3872 740 3938 cx'nrbe
753 3872 885 3926 Berrboea
906 3871 1018 3944 legatio,
1035 3879 1128 3925 actura
1144 3889 1200 3925 cum
1219 3871 1298 3925 Crale

189 3937 223 3990 de
235 3937 269 3990 iia
282 3939 369 4003 rebus,
401 3956 449 3993 naa
461 3940 493 3992 ab
504 3957 536 3993 eo
543 3943 706 4011 petebantur,
719 3948 747 3994 et
759 3941 879 4011 quidnam
889 3941 1050 3995 decrevisset
1060 3941 1228 3994 sciscitatura
1239 3941 1300 3994 diii-

188 3957 625 4146 ιιαιαώμιαωι
638 4011 1298 4149 ἀμααιτινααωιυαυ

935 4118 943 4143 J

188 4143 250 4197 belli
265 4143 322 4197 iure
336 4145 440 4208 urbem,
458 4146 561 4210 domos,
586 4149 706 4201 mulieres
730 4149 879 4220 liberaeque
891 4150 918 4202 iu
934 4149 1083 4202 servitutem
1101 4148 1236 4218 redigeret
1256 4157 1298 4201 et-

189 4229 240 4281 qne
258 4215 391 4284 diriperet
427 4220 461 4270 ut
476 4215 586 4284 legatis,
603 4217 729 4270 dictorum
742 4219 839 4272 darritia
854 4225 880 4271 et
895 4219 1038 4272 acerbitate
1049 4219 1190 4288 percuisis,
1208 4218 1298 4272 melius

188 4283 272 4336 risum
291 4291 333 4336 eat
352 4283 416 4337 ciam
435 4301 492 4338 cnm
510 4284 690 4339 Cantacnzeno
710 4286 864 4356 imperatore
884 4287 1011 4357 colloqui,
1034 4306 1065 4340 ac
1087 4288 1163 4341 fidem
1186 4287 1297 4341 eisnaro

190 4353 257 4405 omni
269 4352 388 4406 cautione
402 4351 581 4422 adstringere,
600 4355 623 4408 si
641 4355 667 4409 in
686 4357 775 4410 urbem
791 4357 879 4410 inrtiur
893 4365 921 4412 et
933 4374 1010 4427 qnam
1026 4356 1158 4410 celerrime
1173 4375 1233 4410 sese
1252 4357 1297 4410 in-

189 4425 334 4475 tromittere
357 4439 464 4492 eamque
488 4422 498 4474 i
518 4440 548 4475 ee
566 4423 636 4476 anilo
655 4424 744 4478 labora
763 4442 857 4495 capere
874 4426 961 4481 veliet.
996 4425 1063 4479 nese
1081 4426 1148 4480 enim
1170 4425 1248 4479 animi
1266 4442 1296 4479 ac

189 4491 332 4574 sententiae
351 4491 480 4556 furentis,
497 4441 642 4546 lubentem
662 4493 815 4548 humanitati
835 4497 981 4564 praeferre,
1006 4493 1095 4564 gentili
1114 4513 1148 4548 ue
1166 4503 1297 4548 externam

189 4565 218 4639 et
235 4559 392 4629 illegitimam
413 4567 576 4631 potestatem.
612 4561 711 4615 Hisita
724 4563 888 4633 compositis,
904 4583 935 4618 ec
950 4564 1096 4634 priuaquem
1136 4563 1222 4617 riballi
1239 4579 1297 4633 per-

189 4635 305 4695 ciperent
317 4630 480 4694 constitutis,
498 4629 584 4684 Cralia
596 4631 680 4684 animo
694 4631 818 4701 captiosis
831 4633 983 4702 quibusdam
998 4633 1088 4685 verbis
1099 4649 1240 4701 suspenso,
1258 4632 1296 4685 le·

190 4696 245 4764 gati
263 4697 454 4755 erboeenses
472 4701 573 4756 domun
594 4699 692 4756 reversi
716 4703 770 4756 suis
789 4701 890 4758 civibus
912 4701 1065 4758 renunciant
1079 4711 1108 4757 et
1126 4703 1194 4760 dura
1213 4701 1305 4760 (Jrulis¹
