2724 5168
4 432 6 443 Ι

4 450 6 457 ι

4 461 6 468 ι

4 473 9 577 ὅ

4 755 8 843 ι
264 735 499 806 nunonem
516 737 794 820 auennensem
815 739 904 808 xiv.
929 751 979 814 ιο.
1081 735 1158 808 σου

103 904 142 982 τῆς
157 904 289 987 Περσικῆς
315 896 475 982 δυνάμεως
498 900 530 966 ἓν
550 897 653 980 τόξοις
672 900 805 980 ὅαακτες
832 896 914 988 ἦσαν
942 905 1023 972 κατὰ
1046 902 1157 976 κόκλον
1176 921 1242 976 αῖ..
1255 913 1322 974 1345

4 1081 5 1099 ρ
100 1002 261 1087 περιστάντες,
288 1003 319 1070 oi
340 1007 360 1070 d
366 1003 377 1032 '
401 1003 433 1069 lv
454 1003 540 1094 μίση)
562 1002 781 1094 στρεφόμενοι,
808 1003 953 1096 καθάπερ
966 990 1323 1113 μονιοίτινεςῙἛέᾗζῨ

101 1103 186 1190 άγριοι,
209 1103 354 1190 διακόψαι
375 1108 428 1173 καὶ
451 1108 608 1195 διαφυγεῖν
628 1108 687 1193 τὴν
709 1115 773 1176 τῶν
794 1115 927 1197 Περσῶν
941 1110 1189 1184 οὖκίόάναντοο

98 1205 213 1296 φάλαγγα.
238 1210 382 1277 ἐνέκειντο
399 1208 459 1295 γάρ
483 1209 579 1286 εὐθυς
600 1211 631 1277 oi
650 1216 707 1277 roei
724 1214 877 1294 βασιλέως
895 1213 1010 1298 ἱππεῖς,
1038 1218 1160 1302 νῦνμέν
1239 1212 1242 1221 ’

83 1311 156 1376 ὄναιό
173 1314 305 1396 μίσωιτον
325 1312 539 1394 ἀπαντῶντες,
567 1319 623 1380 νῦν
636 1315 670 1380 tl
684 1315 764 1381 κατὰ
777 1313 876 1383 ναίτου
888 1328 1012 1401 συχνοῖς
1025 1326 1090 1396 τοῖς
1104 1317 1161 1387 dd·
1194 1378 1197 1387 .

96 1437 148 1496 ρασι
165 1420 303 1493 παίοντες.
332 1418 383 1480 καί
405 1415 582 1501 ἐπειὸὴτήν
601 1423 658 1482 τοῦ
681 1421 862 1501 Μομιτίλυυ
884 1425 988 1486 πᾶσαν
1006 1423 1103 1488 ianoe
1126 1422 1159 1489 ἒν

93 1520 179 1600 βραχεῖ
186 1519 401 1603 παμπληθίσιν
416 1519 574 1607 οῗΠίρσαι
587 1520 811 1608 περιπείροντες
821 1523 923 1603 βίλεσι
938 1523 1047 1611 νεκρὰν
1056 1522 1162 1610 ίνιοιή-

93 1639 179 1702 σοντο,
202 1624 282 1704 πεζοί
299 1621 407 1687 λοιπὸν
421 1622 499 1709 πρὸς
514 1623 622 1702 πεζοὸς
637 1620 789 1708 ἐμάχοντο
809 1627 861 1690 καλ
883 1625 916 1692 ἓν
930 1629 1036 1712 χερσίν
1056 1623 1073 1695 ὅ
1096 1624 1187 1696 τιό-1)

92 1723 159 1801 λεμις
170 1719 213 1810 ἦν,
240 1728 291 1791 καί
304 1721 460 1808 συνελόντι
477 1722 593 1811 φάναι,
618 1727 737 1810 μηδένα
750 1733 807 1813 τῆς
820 1731 1000 1812 Μομιτίλου
1012 1732 1091 1818 φασὶ
1106 1733 1165 1797 dv-

64 1819 183 1904 Ῑθσόμεως
202 1830 234 1894 ἓν
256 1836 324 1904 τοῖς
345 1826 452 1904 ὅπλοις
476 1833 655 1915 λελεῖφθαι,
680 1831 767 1914 μηδὲ,
783 1828 909 1919 φυγάδα
923 1828 1066 1899 λαθόντα
1081 1825 1165 1920 γενέ-

90 1932 147 1994 σθαι
164 1927 248 1996 τινά·
275 1930 346 1996 ἀλλ’
371 1927 466 1998 αὐτόν
494 1956 527 1998 τε
556 1933 664 2019 ξίφους
694 1931 783 2020 ἔργον
809 1936 992 2016 Μομιτίλαν
1020 1939 1072 2001 καί
1097 1935 1165 2021 ὅμαι

88 2037 169 2098 πᾶσαν
182 2034 280 2122 άριλην
298 2032 396 2100 adsoni
409 2031 554 2120 γενίσθαι
573 2034 631 2120 τήν
647 2033 812 2123 στρατιάν,
839 2036 921 2121 πλὴν
942 2037 1069 2124 ὀλίγων,
1097 2037 1166 2109 ὅσοι

86 2129 173 2213 item
187 2135 337 2203 ἑάλωσαν.
567 2191 569 2195 .

141 2238 168 2306 ι’.
196 2241 350 2326 Τέτταρες
364 2240 480 2324 μεταξι)
496 2241 663 2327 παρῆλθον
684 2237 797 2327 ήμίραι
821 2241 873 2307 καλ
895 2237 1116 2321 ὅἍιιάκαυκος
1134 2243 1263 2318 iamt

43 2325 223 2433 ¹5Bvieru'ep
246 2341 325 2429 πρὸς
345 2350 408 2410 τῶν
433 2345 585 2426 δεσμίων,
614 2342 700 2420 ἐντὸς
722 2350 779 2410 τοῦ
796 2341 875 2432 πρὸς
898 2344 1064 2431 ἀνίσχοντα
1078 2345 1167 2432 ἥλιον
1282 2418 1288 2425 ,

70 2451 195 2513 παλαιοῦ
208 2446 361 2514 παλατίου
368 2495 380 2528 ,
401 2445 480 2531 μετὰ
501 2448 699 2532 μεσημβρίαν
711 2445 771 2532 ήδη
786 2453 843 2531 τῆς
865 2443 994 2533 ἡλιακῆς
1006 2450 1167 2535 γενομίνης

66 2543 194 2631 ἀκτῖνος,
222 2549 378 2636 ἴσφακταί
388 2574 419 2615 τε
432 2551 484 2615 καί
499 2548 593 2625 αὐτὸς
614 2551 666 2614 καὶ
687 2546 820 2626 σκότους
835 2555 887 2616 καλ
909 2549 1013 2636 λήθης
1037 2548 1169 2630 inette

63 2648 173 2729 ἐκεῖνος
194 2649 322 2736 ὑπῆλθε
338 2651 459 2737 μυχοός
480 2653 513 2716 ἓν
534 2643 662 2739 βραχεῖ,
684 2651 817 2737 μηδενὸς
830 2658 893 2720 τῶν
905 2661 1034 2742 μακρῶν
1048 2654 1170 2742 ὀχυρω-

57 2753 170 2834 μάτων
184 2756 305 2821 ἐκείνων
325 2754 561 2842 συναραμένου,
584 2757 653 2841 περὶ
674 2754 695 2820 ὅ
712 2752 838 2842 μακράς
849 2780 881 2822 τε
899 2755 1048 2844 ἀνηλώκει
1063 2735 1216 2826 ὅσσά-Β]

4 2835 49 2904 ²⁰
62 2885 120 2935 νας
141 2860 192 2925 καὶ
213 2860 282 2946 περὶ
304 2855 326 2922 ὅ
347 2859 383 2924 τὸ
396 2864 551 2925 πλεῖστον
573 2854 742 2943 ὅπησχόλει
758 2865 815 2925 τοῦ
844 2861 927 2941 βίου.
958 2859 995 2928 τὸ
1015 2860 1049 2926 d'
1073 2859 1170 2942 ὅπως,

60 2963 143 3050 ἐρῶν
160 2961 289 3048 ἔρχομαι
301 2958 505 3049 τρανότερον.
547 2959 619 3050 (Β.)
641 2960 724 3028 Ἐπεὶ
737 2961 797 3047 γάρ
816 2963 859 3038 εἰς
872 2958 1012 3048 μεγάλων
1025 2960 1171 3050 πραγμά-

58 3091 128 3132 των
141 3062 306 3150 θορύβους
320 3068 370 3131 καί
385 3061 546 3148 διοικήσεις
558 3065 700 3144 ἓνίβαλεν
716 3060 843 3145 ἔαυτόν,
866 3067 916 3130 καί
931 3067 1065 3142 πολλοὺς
1080 3062 1266 3137 inl-van

65 3193 142 3235 σατο
153 3217 163 3251 ,
193 3166 261 3233 ὅσοι
280 3167 364 3235 τετὸ
384 3174 440 3252 τῆς
460 3164 556 3252 τάχης
571 3165 753 3250 ἐβάσκαινον
778 3165 864 3249 ὕψος
885 3171 936 3233 καὶ
956 3166 1024 3235 ὅσοι
1046 3166 1171 3235 παθόν-

65 3297 117 3349 τες
132 3276 234 3349 κακῶς
252 3265 311 3336 ὑπ’
335 3269 433 3338 αὐτοῦ
447 3269 555 3360 καιρὸν
573 3267 698 3358 ἐζήτουν
721 3267 922 3355 ἀμύνασθαι,
950 3271 1039 3349 δίους
1053 3268 1168 3360 περιῄει

67 3436 221 3499 omittemus,
238 3435 355 3506 plerique
367 3434 519 3502 Persarum,
537 3451 594 3489 cum
609 3433 641 3489 ab
654 3433 730 3506 equis
743 3433 916 3500 desiluissent,
936 3434 1128 3489 circumstetere
1140 3433 1168 3488 in

66 3506 153 3558 orbem
170 3504 286 3557 universi
303 3523 359 3558 cum
373 3507 492 3558 arcubus.
526 3505 563 3557 Hi
579 3521 641 3557 vero
659 3505 687 3557 in
702 3505 784 3559 medio
796 3512 960 3571 aestuantes,
977 3512 1099 3574 tanquam
1111 3503 1169 3574 aprl

67 3575 148 3644 aliqui
162 3576 275 3638 feroces,
294 3592 459 3645 perrumpere
471 3580 499 3626 et
511 3573 627 3643 effugere
642 3574 777 3627 Persarum
791 3573 884 3642 pbalau
905 3591 944 3626 em
961 3573 1030 3627 bend
1044 3579 1175 3643 poterant.

66 3644 203 3697 lustabeut
221 3644 289 3696 enim
308 3645 429 3696 oontiuuo
447 3642 608 3713 imperatoris
625 3642 741 3713 equites,
766 3642 840 3696 modo
859 3659 875 3695 a
933 3650 978 3695 nte
999 3651 1174 3706 occurrentes,

66 3714 140 3767 modo
161 3712 248 3764 densis
266 3730 282 3764 a
297 3722 372 3781 tergo
392 3713 473 3765 bustis
493 3712 659 3781 impellentes.
695 3711 749 3764 Ubi
763 3729 858 3764 omnem
873 3711 1016 3764 Monitilae
1033 3711 1175 3780 equitatum

67 3782 139 3834 brevi
152 3790 269 3850 tempore
281 3782 420 3833 innumeris
432 3782 558 3834 confixum
570 3781 630 3834 telis
642 3780 739 3833 Persae
752 3780 914 3845 deleverunt,
929 3782 1070 3833 conflixere
1080 3779 1176 3832 exinde

67 3851 170 3920 pedites
184 3867 241 3903 eum
256 3851 401 3919 peditibus,
417 3851 468 3901 luit
486 3867 518 3902 ue
533 3851 561 3902 in
576 3850 640 3919 ipsis
653 3849 703 3901 iam
717 3850 833 3902 manibus
845 3856 901 3903 tota
914 3850 975 3903 belli
988 3850 1101 3902 fortuna.
1136 3847 1176 3900 Ut

67 3922 158 3989 paucis
171 3920 317 3983 absolvam,
335 3921 458 3973 neminem
468 3869 561 3972 [ierunt
574 3936 606 3971 eu
620 3918 761 3972 lllomitilae
779 3918 901 3970 militibus
917 3920 1080 3989 superstitem
1094 3917 1120 3969 iu
1132 3934 1177 3970 ar·

68 3990 116 4041 mis
130 3991 270 4052 mansisse,
296 4006 378 4058 neque
397 4005 484 4041 eorum
504 4004 653 4058 quemquam
671 3988 736 4057 luga
756 3987 821 4040 clam
835 3988 967 4058 ¹erasisse,
985 3987 1075 4041 sedet
1092 3985 1176 4055 ipsum

68 4057 225 4110 trucidatum
247 4072 304 4110 esse
318 4058 483 4124 illumitilam,
502 4065 529 4110 et
542 4068 639 4110 omnen
658 4056 732 4108 simul
751 4056 819 4109 illius
841 4058 981 4110 exereitum
999 4055 1177 4109 internecione

69 4145 127 4180 esse
141 4127 272 4188 deletum,
290 4127 468 4196 paucissimis,
486 4126 600 4196 quirini
614 4125 685 4195 eapti
701 4126 807 4188 luerint,
825 4126 949 4246 exeeptis.

139 4201 182 4252 10.
200 4197 306 4265 Elapsia
320 4213 352 4248 ex
370 4213 400 4248 eo
417 4195 506 4248 diebus
529 4202 640 4264 quatuor
663 4211 753 4248 mesas
772 4202 799 4247 et
817 4194 873 4264 ipse
910 4194 1007 4264 ysantii
1021 4195 1174 4263 Apocaueus

71 4264 103 4318 ab
117 4263 151 4317 iis
168 4265 213 4336 qui
226 4265 253 4318 in
268 4264 375 4318 vinculis
391 4275 473 4327 erant,
491 4266 560 4317 intra
572 4274 649 4317 vetus
661 4264 797 4332 palatium,
815 4263 885 4333 quod
896 4264 929 4317 ad
942 4263 1065 4316 orientem
1079 4260 1175 4327 vergit,

70 4342 233 4404 transgresso
247 4335 297 4386 iam
310 4334 439 4387 meridiem
452 4335 522 4397 sole,
539 4333 672 4403 noctsque
685 4339 712 4385 et
724 4333 859 4386 oblivionis
871 4333 1043 4401 penitissimos
1058 4336 1177 4382 recessus

72 4404 157 4456 subito
173 4404 283 4456 intravit
295 4420 407 4472 magnus
425 4403 470 4455 ille
485 4410 513 4455 et
527 4411 679 4471 praepotens
698 4401 755 4466 vir,
778 4419 863 4471 neque
881 4401 957 4454 ullum
976 4401 1000 4453 ei
1016 4399 1110 4452 auxilio
1126 4398 1177 4450 luit

72 4488 221 4541 magnorum
236 4473 335 4525 illorum
353 4471 554 4540 praesidiorum,
571 4472 598 4524 in
612 4489 679 4540 quse
694 4478 722 4523 et
738 4471 872 4523 immensos
886 4471 986 4524 iecerat
1000 4476 1133 4536 sumptus,
1150 4474 1178 4519 et

72 4544 202 4608 mximam
218 4543 288 4595 ritae
301 4540 401 4610 partem
413 4543 538 4594 intentam
553 4541 688 4593 babuerat.
722 4539 753 4590 ld
767 4541 893 4610 quomodo
907 4537 1042 4599 acciderit,
1060 4534 1178 4606 protinus

72 4629 194 4682 exponam
211 4612 336 4680 apertius.
371 4610 434 4678 (ll.)
452 4610 516 4662 Cum
529 4610 573 4663 ille
587 4610 655 4662 sein
669 4625 816 4677 magnorum
829 4607 990 4677 negotiorum
1003 4606 1125 4658 tumultus
1138 4610 1179 4658 at·

72 4697 119 4751 que
141 4680 380 4734 administrationes
399 4680 560 4743 intrusisset,
577 4687 604 4732 et
617 4678 741 4764 plurimos
761 4678 868 4730 fecisset
887 4677 937 4729 sibi
956 4676 1084 4738 inlens0s3
1122 4681 1180 4727 uot-

73 4759 133 4821 qaot
144 4768 238 4821 nempe
252 4750 309 4803 aive
322 4750 441 4803 ῖοσαιααε
455 4749 525 4802 illius
538 4749 627 4804 altiori
640 4747 805 4814 inridebant,
822 4746 880 4803 sire
892 4747 926 4803 ab
940 4763 972 4801 eo
984 4744 1082 4802 iniuria
1133 4744 1187 4801 eati

138 4837 303 4905 Nicephorum
316 4839 422 4905 ὄνομα.
446 4837 502 4889 Vol.
513 4836 549 4889 ΙΙ.
935 4824 978 4895 4Ί
