2760 5176
457 108 818 178 ANNOTATIONES.
1102 106 1200 182 1243

45 285 113 347 que
138 265 318 330 Iietocbiter
338 265 514 328 inexilium
535 267 658 344 rnieeue,
690 265 813 328 domum
832 267 925 330 rediit
947 277 1018 349 poet
1038 267 1201 350 biennium,

46 373 134 412 anno
151 353 267 413 scilicet
284 353 485 411 MCCCXXX.
526 373 642 414 rorem.

142 436 215 518 Peg.
238 439 316 513 459,
339 442 369 504 8·
410 436 513 500 Ἧτοῦ
528 435 671 516 βασιλέως
684 428 815 512 Ἀλεξίον
828 439 885 500 roei
901 441 1070 519 Κομνηνοῦ
1087 448 1204 505 πενθε-

49 519 118 602 pei]
143 523 218 582 Vide
236 522 522 602 Constantinopolim
542 521 650 580 Cirriet.
675 521 728 584 tib.
750 521 800 584 IV.
825 531 899 583 nect.
912 525 978 584 XV.
998 545 1027 584 n.
1046 529 1077 592 5.
1095 527 1146 584 ubi
1165 529 1203 588 de

50 607 176 667 chorae
190 609 372 668 monasterio
389 619 418 667 et
440 608 521 668 illiue
544 607 752 670 conditoribus
775 627 810 668 ac
825 608 1076 670 instauratoribue
1096 612 1202 674 multe.

49 712 189 752 nucina.

142 771 217 858 Pap.
238 780 317 853 460,
339 781 369 842 6.
409 768 621 855 Ὲινισκότησις
634 772 764 858 afirmari]
787 779 872 838 Anno
889 777 962 840 Chr.
984 777 1204 843 MCCGXXXI.

52 860 106 922 die
120 865 171 927 30.
187 864 263 920 Nov.
280 861 417 920 Calvisio.
460 880 576 922 uorvrr.

144 943 269 1006 Ibidem.
298 940 453 1018 Tooneirue
473 943 587 1026 ἡμέρας
602 987 626 1006 ..
639 987 664 1009 ..
680 939 738 1008 ὅσα
758 945 811 1008 κα1
833 938 925 1020 odric
945 937 987 1028 ἦν
1008 945 1059 1026 Irn
1075 945 1112 1010 rei
1128 945 1205 1012 ndu·

51 1055 92 1093 ra
112 1025 288 1111 βεβιωκώς]
316 1032 393 1108 Ergo
418 1031 483 1090 dieo
509 1029 639 1088 LXXIV.
671 1029 747 1092 Vide
767 1031 884 1092 Poseini
911 1032 1134 1094 observationes
1152 1035 1207 1097 Pa-

54 1115 267 1196 chymerienae
281 1116 333 1178 tib.
349 1116 404 1176 111.
424 1137 490 1196 cap.
502 1115 583 1177 VIII.
601 1124 673 1176 rect.
686 1117 737 1177 IV.
755 1115 887 1190 offla.
903 1117 1067 1178 Michaelis.
1086 1141 1206 1184 uorvtn.

146 1219 218 1297 Peg.
240 1217 317 1292 460,
339 1221 370 1282 8.
405 1214 564 1294 ”Eritium
582 1213 764 1298 σεληνιακή]
787 1219 843 1277 Die
867 1219 1070 1284 15.Dece1nb.
1091 1241 1206 1286 uorrrr.

148 1324 221 1401 Peg.
241 1320 320 1396 460,
342 1323 372 1386 9.
412 1309 464 1381 Ἐν
489 1317 618 1404 ἑσπέρα]
656 1321 678 1381 1.
700 1339 724 1383 e.
755 1320 860 1400 vigilia
889 1330 958 1381 onte
986 1321 1064 1382 diem
1087 1322 1205 1387 fertum.

54 1421 175 1464 romu.
734 1461 740 1474 ,

145 1487 221 1570 Pag.
244 1485 322 1564 460,
343 1491 393 1553 11.
437 1480 517 1549 Κατ’
531 1481 628 1568 αὐτὴν
644 1487 699 1568 μέν
720 1511 754 1568 γε
775 1484 832 1568 τήν
855 1493 911 1552 τοῦ
927 1489 1134 1569 φεβροναρίσν
1150 1492 1208 1553 δω-

57 1569 208 1654 δεκάτην]
229 1573 370 1648 Wolfiue,
394 1573 499 1632 codice
516 1593 587 1632 uene
604 1576 682 1632 male
698 1574 898 1653 interpuncta,
920 1573 995 1634 haec
1009 1575 1209 1652 coniungebat

57 1680 130 1720 cum
148 1657 186 1718 iic
199 1677 276 1739 quae
294 1658 496 1736 praecedunt,
521 1667 550 1717 et
568 1660 611 1717 itu
624 1677 779 1738 vesperam
796 1661 1094 1738 commemorationisu
1104 1659 1136 1723 1).
1149 1661 1210 1721 Aa.

57 1745 137 1804 tonii
166 1744 339 1804 conterebat
366 1745 398 1802 in
422 1743 502 1802 diem
526 1743 682 1802 Februarii
716 1743 939 1806 duodecimum.
980 1744 1142 1804 Bollandue
1169 1745 1210 1806 ed

58 1829 141 1890 diem
166 1830 221 1888 XI.
244 1829 399 1889 Februarii
421 1847 488 1906 pag.
510 1828 582 1892 507.
606 1830 636 1887 in
658 1829 760 1888 indice
781 1829 1056 1909 praetermissorum
1078 1841 1210 1907 annotat,

60 1913 96 1975 S.
113 1912 281 1973 Antonium
294 1911 500 1994 patriarcham
519 1908 880 1995 Constantinopolitannm
899 1911 956 1974 boe
977 1911 1024 1975 die
1041 1912 1086 1996 (id
1102 1928 1147 1974 eet
1162 1917 1210 1974 die

58 1995 125 2060 XI.
141 1995 312 2079 Februarii)
332 1999 489 2057 memorari
502 1998 533 2056 in
549 1995 688 2078 catalogo
700 1995 832 2076 generali
849 1995 996 2058 Ferrarii:
1018 2009 1049 2058 et
1061 1999 1092 2058 in
1115 1999 1209 2062 Mar-

59 2079 211 2166 tyrologio
227 2081 367 2142 Romano
385 2095 411 2140 et
424 2082 564 2151 Menaeis,
586 2079 665 2144 XII.
682 2080 844 2142 Februarii.
888 2083 1004 2143 Faveot
1015 2084 1211 2162 itaqueWol·

59 2167 158 2226 fianoe
172 2167 412 2246 interpretationi
429 2166 678 2244 Martyroiogiurn
694 2169 862 2226 Romanum
884 2177 914 2227 et
935 2168 1070 2245 Menaeu3
1089 2179 1211 2232 nostrae

59 2252 168 2311 Codex
190 2253 318 2332 Regius,
348 2253 535 2312 constructio
563 2251 630 2331 ipae
651 2252 815 2312 verborum
841 2261 871 2312 et
894 2253 1047 2332 catalogue
1068 2251 1208 2322 Ferrarii.

58 2356 180 2398 uorvrn.

152 2417 226 2503 Pn'g.
247 2423 326 2495 460,
350 2423 400 2484 19.
443 2413 495 2480 Ἕκ
522 2413 648 2499 σιδήρου
669 2419 827 2500 σταυρῶν]
859 2421 940 2496 Quor
962 2419 1084 2501 quitiam
1107 2441 1212 2484 cruces

59 2497 262 2589 Σιγνόχριστα
280 2505 481 2585 appellabant.
524 2505 600 2563 Vide
619 2505 803 2566 Glossarium
821 2508 899 2566 med.
922 2515 952 2566 et
972 2506 1091 2567 infimae
1113 2508 1212 2567 Gree-

60 2592 166 2652 citetIr
186 2592 220 2650 in
230 2590 288 2650 hec
305 2609 388 2651 rone.
431 2609 562 2647 nucero.

151 2679 223 2756 Peg.
245 2676 324 2750 462,
347 2679 375 2740 1.
420 2670 482 2735 Ani
495 2669 532 2734 rei
550 2678 612 2734 reia
627 2675 780 2754 νησνίμων
799 2674 922 2738 ἐκείνων
936 2672 1070 2754 ἡμερῶν]
1093 2671 1212 2748 Quibus

60 2758 204 2823 monachi
223 2761 414 2841 ξηροφαγίαν
433 2758 639 2820 observabant.
686 2761 763 2820 Vide
783 2761 914 2818 Gtoeean
936 2761 1015 2820 med.
1036 2760 1166 2820 Graecit.
1180 2762 1212 2820 in

60 2849 123 2908 Irac
140 2867 226 2921 voce,
249 2847 301 2904 ubi
317 2846 405 2904 ietiue
421 2845 607 2925 ξηροφαγίας
625 2845 686 2905 cibi
702 2855 908 2920 recensentur,
930 2845 961 2904 in
977 2843 1086 2923 quibue
1098 2839 1212 2927 παγού-

60 2956 116 3016 peu
137 2951 191 2992 reu
205 2953 309 2992 eoncrr
326 2951 445 3002 manne,
468 2930 597 3008 proinde
615 2925 836 3010 oarpauideopn
851 2939 1055 2989 recensentur.
1076 2949 1209 2992 nucero.

152 3037 224 3112 Pag·
247 3031 326 3106 4621,
351 3032 400 3096 15.
442 3023 636 3111 Ἑγκόλπιον]
659 3029 734 3093 Vide
750 3029 938 3094 (iterumad.
957 3029 1051 3089 Latin.
1072 3039 1102 3090 et
1121 3031 1213 3094 Grae.

62 3120 117 3182 cit.
133 3119 164 3177 in
180 3113 369 3196 Encolpium,
387 3123 416 3174 et
435 3109 620 3194 Ἐγκόλαιον.
663 3133 798 3176 nucero.

155 3207 224 3283 Pag-
246 3202 324 3274 462,
349 3203 396 3264 18.
436 3193 636 3280 Ἀπήλλαξεν]
658 3200 737 3260 XIII.
752 3197 917 3272 Februarii,
931 3196 1012 3257 circa
1028 3197 1135 3260 horam
1145 3200 1212 3261 XII.

62 3289 182 3360 noctis,
206 3295 239 3346 ut
265 3285 397 3366 praefert
425 3285 574 3362 adscripta
601 3297 671 3345 notu
698 3285 802 3344 Codici
822 3284 980 3342 Cantacuz.
1007 3283 1059 3344 lib.
1083 3285 1121 3348 11.
1143 3307 1210 3366 cap.

61 3371 207 3434 XXVIII.
223 3391 302 3430 enno
322 3365 391 3432 Chr.
407 3369 638 3430 MCCCXXXII.
661 3369 772 3430 indict.
789 3369 855 3427 XV.
898 3387 1028 3430 occano.

154 3477 225 3555 Peg.
248 3472 329 3550 463,
351 3471 381 3536 4.
425 3465 565 3552 Εὕρηται
578 3467 635 3556 ydp
649 3469 683 3536 in
697 3474 812 3536 πολλοῦ
828 3468 943 3552 didiae]
965 3469 1043 3530 Vide
1059 3479 1160 3530 notata
1176 3469 1215 3544 ad

60 3558 120 3621 tib.
135 3558 214 3619 VIII.
230 3578 260 3639 p.
280 3561 351 3623 188.
368 3555 401 3614 C.
445 3576 580 3617 nucero.

156 3647 228 3724 Peg·
250 3642 330 3716 463,
357 3645 406 3706 18.
432 3637 548 3720 Murrio
562 3643 618 3704 τοῦ
631 3635 745 3720 Λιβδς]
770 3639 812 3699 De
833 3659 893 3719 quo
909 3639 1216 3718 moneeterioegiurue

63 3731 99 3790 in
117 3724 376 3804 Constantinopoli
392 3721 503 3785 Cbriet.
514 3723 571 3784 tib.
586 3725 637 3786 lV.
654 3734 728 3785 rect.
741 3723 779 3785 11.
800 3745 828 3784 n.
844 3725 955 3785 XXVI.
983 3744 1110 3786 nocere.

158 3831 230 3906 Peg·
252 3830 333 3903 463,
357 3831 406 3892 19.
439 3822 544 3887 Ἔνθα
565 3822 604 3906 δή
624 3826 676 3889 noi
693 3823 727 3890 ri
745 3823 861 3900 πένθος
885 3819 954 3888 κατ’
976 3823 1065 3905 Idne]
1100 3823 1159 3886 vti
1180 3822 1217 3884 de

63 3935 150 3974 more
170 3912 314 3993 exequiae
334 3913 395 3969 eine
416 3921 474 3970 eto.
516 3911 657 3971 Verterat
683 3911 824 3989 wolfius,
855 3909 907 3970 ubi
931 3907 967 3969 de
987 3931 1067 3971 more
1088 3925 1216 3992 quorun-

66 4001 116 4059 m'e
137 4007 216 4072 etc.,
239 3992 325 4074 quusi
349 4015 412 4054 non
435 3995 534 4055 aulum
560 3991 627 4058 κατ’
648 3996 738 4075 ἔθος,
760 3997 814 4057 red
843 3989 963 4058 wuar'
984 3994 1067 4073 Irae,
1087 3996 1216 4076 Iegieeet.

65 4099 181 4144 norwit.
