2760 5176
412 331 768 418 motfflontsss.
1053 338 1154 414 1193

23 525 74 564 um
96 515 125 562 et
145 523 244 564 eorum
266 503 438 570 oeconomia
459 517 486 562 et
515 497 716 564 ecclesiastica
736 495 871 561 absentio
890 501 935 562 sio
954 502 1090 584 scripsit:
1117 501 1155 566 Si

23 609 108 646 erum
137 601 196 662 est,
229 587 341 669 inquit,
373 584 455 670 quod
485 585 555 648 diois
575 585 664 665 solet,
693 589 747 670 qui
768 609 885 668 gregem
908 602 1027 667 pastore
1044 591 1153 670 ptiuot,

23 673 127 754 urique
151 667 315 752 periculum
342 693 455 748 creare,
487 669 625 753 projecto
649 693 741 753 graue
761 668 937 750 supplicium
959 687 1056 732 manet
1076 695 1152 752 eum,

23 758 62 814 'ui
80 771 228 834 pastorem
251 770 331 816 arcet
353 755 391 815 ab
413 755 500 831 ovili,
527 755 665 839 debetque
691 758 744 838 qui
768 769 875 836 postor
899 770 962 832 est,
995 781 1086 840 usque
1111 755 1154 816 od

23 842 186 918 anguineae
201 863 257 922 pro
276 863 364 922 grege
385 862 443 901 non
466 837 690 924 derelinquendo
712 838 827 901 labores
844 838 987 922 perferre,
1009 843 1066 900 nisi
1086 863 1154 901 cum

22 947 85 1004 pus
96 921 197 1009 fuerit
219 929 250 984 in
273 923 395 1008 Synodo
416 923 540 1006 singulis
561 917 648 984 annis
669 923 712 984 ad
730 921 874 1006 agendum
896 923 932 984 de
953 923 1036 984 rebus
1059 947 1154 986 nsces-

22 1010 100 1066 ariis
125 1007 276 1089 paulisper
303 1008 416 1077 abesse.
451 1009 556 1094 quibus
583 1007 730 1070 conclusis
757 1005 887 1071 celeriter
906 1007 954 1068 illi
975 1007 1153 1070 redeundum

22 1094 63 1167 it,
88 1093 116 1150 si
137 1092 230 1153 credit
256 1117 287 1154 se
312 1093 494 1154 redditurum
514 1097 656 1154 rationem
681 1115 794 1154 summo
820 1095 937 1174 pastori
961 1089 1093 1168 Clusino,
1125 1107 1154 1153 et

22 1178 35 1235 i
59 1173 170 1257 dignus
193 1193 236 1240 est
257 1179 373 1238 nomine
390 1180 535 1260 postoris,
564 1179 622 1238 nisi
638 1175 727 1264 sorte
747 1180 835 1238 etiam
853 1193 975 1262 propter
995 1181 1155 1240 necessita-

22 1283 65 1320 em
90 1258 134 1320 od
153 1261 309 1322 utilitatem
330 1265 497 1322 animorum
520 1265 708 1344 pertinentem
727 1261 766 1322 ab
788 1264 962 1343 imperatore
982 1279 1033 1324 aut
1050 1285 1070 1322 o
1090 1285 1155 1346 pa-

22 1344 144 1405 riorcba
165 1351 267 1408 statim
292 1345 438 1407 rediturus
458 1363 585 1408 vocetur.
616 1345 800 1408 Huiusmodi
819 1368 927 1407 causas
950 1351 1155 1410 oeconomicus

21 1445 33 1488 t
63 1429 282 1491 ecclesiasticas
304 1429 397 1491 breuis
425 1430 574 1491 absentiae
598 1446 752 1512 postorum
780 1429 820 1491 ab
841 1427 971 1500 ecclesiis
991 1434 1051 1492 suis
1072 1429 1155 1492 didi·-

21 1529 91 1574 erat
114 1517 161 1574 vir
183 1532 304 1577 sanctus
324 1518 356 1576 in
377 1514 539 1596 Scripturis
564 1530 593 1575 et
612 1531 780 1576 sanctorum
801 1507 924 1574 Patrium
951 1515 1155 1578 sanctionibus

21 1595 143 1658 ruditus
169 1599 371 1671 Athanasius,
408 1601 460 1683 qui
488 1597 708 1661 commendatas
734 1597 872 1662 ecclesias
895 1622 949 1660 suo
968 1602 1056 1662 etiam
1079 1616 1156 1662 tem-

21 1705 81 1744 ore
104 1687 202 1744 nouit:
226 1682 389 1768 dequibus
410 1681 453 1744 od
470 1686 636 1765 episcopum
656 1685 812 1765 Apameae
831 1682 978 1759 scribens,
999 1681 1055 1744 At
1069 1681 1154 1767 quid,

21 1769 127 1851 nquit,
156 1791 267 1830 necesse
289 1785 330 1828 est
351 1767 393 1828 od
417 1791 500 1828 suom
526 1791 667 1850 quemque
694 1765 851 1829 dioecesem
873 1769 915 1827 ire
933 1771 1085 1850 propriam
1107 1765 1156 1830 uel

22 1850 266 1930 ammendotom,
287 1855 346 1914 nisi
360 1868 391 1912 ut
413 1850 500 1933 lupos
520 1849 588 1912 inde
608 1849 760 1934 arceatis?
787 1849 876 1931 Quod
894 1854 921 1912 si
932 1851 1080 1938 fortassis
1096 1851 1157 1924 buo

20 1959 60 1997 os
86 1933 200 2018 (idest
222 1933 522 2020 Constantinopolim)
544 1938 649 1998 incitat
670 1951 697 1996 et
717 1935 809 1997 trolsit
832 1951 892 1996 tum
915 1935 1044 1998 studium
1065 1953 1155 2021 atque

20 2017 187 2082 lesiderium
209 2019 381 2083 consulendi
397 2020 554 2082 multorum
574 2019 680 2097 soluti,
703 2017 792 2104 idque
804 2019 887 2082 uobis
898 2023 1080 2104 propositum
1097 2033 1152 2098 est,

20 2129 73 2166 um
94 2108 219 2165 scientio
243 2121 304 2167 tom
328 2104 440 2182 multo,
471 2121 503 2166 ut
523 2127 564 2166 ea*
583 2105 642 2166 bac
662 2103 732 2166 urbe
749 2107 870 2188 possitis
891 2109 979 2166 etiam
1024 2130 1078 2168 uae
1096 2128 1156 2168 ea·-
1222 2131 1233 2184 '.

20 2213 58 2260 ra
75 2192 154 2271 fines
181 2207 342 2252 uestrorum
372 2189 538 2252 dioeceseon
551 2192 657 2272 ‘posito
676 2205 744 2250 sunt
763 2189 944 2272 gubernares
970 2130 1022 2251 od
1038 2193 1155 2253 exstin-
1191 2247 1196 2254 .

20 2273 159 2336 utendam
180 2278 261 2336 sitim
282 2278 370 2336 istam
393 2277 533 2359 istiusque
551 2273 643 2336 studii
664 2277 751 2334 uestri
775 2272 928 2352 ortionem,
948 2278 1047 2336 ueniat
1070 2269 1172 2337 uobis

19 2387 38 2422 n
58 2374 181 2419 mentem
198 2359 290 2434 illius,
316 2361 365 2422 oui
380 2357 511 2441 plurima
534 2375 704 2421 sanctorum
726 2357 890 2421 litterarum
911 2363 1034 2434 soienfia
1058 2360 1154 2420 Tiso-

19 2447 76 2527 ogi
103 2461 325 2525 cognomentum
351 2441 445 2519 dedit,
477 2442 616 2526 illiusque
642 2467 752 2526 parvae
774 2443 955 2513 Sasimosum
981 2439 1155 2521 dioeceseos,
1210 2499 1212 2506 .

19 2547 55 2590 ta
77 2529 178 2590 situel
195 2545 317 2611 propter
335 2527 542 2590 excellentiam
563 2527 645 2590 illius
665 2526 906 2590 excellentissimi
926 2531 998 2606 oiri,
1018 2527 1067 2590 vel
1083 2551 1154 2610 pro-

19 2630 75 2676 stes
94 2613 303 2696 aequalitatem
334 2611 472 2688 lionoris,
495 2603 555 2696 quo
577 2614 706 2673 contenti
725 2636 785 2674 esse
808 2611 932 2687 debetis,
963 2614 1085 2696 quisque
1107 2634 1155 2672 oe·

19 2715 105 2760 trum
125 2700 207 2758 intro
227 2719 297 2759 suos
315 2721 346 2758 se
355 2699 437 2780 fines
458 2697 623 2758 continente
653 2693 849 2776 Quamobrem
869 2697 1026 2772 existima,
1040 2695 1154 2780 frater,

19 2781 112 2844 lebsri
133 2805 153 2842 o
174 2797 203 2842 te
225 2781 281 2844 boo
303 2805 393 2864 usque
417 2778 459 2840 ad
485 2783 673 2863 sanguinem,
709 2795 741 2840 ut
768 2803 834 2840 cum
862 2780 966 2848 ouibus
990 2783 1047 2840 tuis
1065 2782 1107 2842 sis
1126 2794 1155 2838 et

19 2872 109 2934 tuas.
151 2865 190 2927 lit
211 2889 288 2950 quoe
307 2880 466 2949 sequuntur
486 2865 584 2926 divine
612 2866 713 2926 omnio
738 2867 868 2944 scripta,
892 2879 919 2924 et
940 2862 983 2924 asi
1003 2862 1046 2936 id,
1067 2859 1151 2947 quod

19 2951 99 3016 iobis
119 2954 233 3034 agitur,
254 2966 282 3011 et
299 2949 345 3011 'od
366 2947 409 3025 id,
431 2948 513 3032 quod
526 2947 642 3010 Romae
652 2950 727 3030 fieti
744 2946 885 3025 uidemus,
903 2945 1082 3036 *mirabiliter
1101 2971 1154 3010 oc·
1175 2949 1179 2958 '

19 3035 235 3100 sommodota.“
263 3036 346 3096 Idem
358 3037 522 3096 Turrisnus
538 3035 569 3093 in
584 3034 689 3095 eodem
699 3032 796 3093 libro:
817 3033 954 3112 „Tamen
976 3029 1155 3114 respondebo

19 3119 95 3204 quod
114 3119 302 3184 Athanasius
320 3111 494 3203 psitarcia
510 3115 867 3202 Constantinopolitonus,
892 3141 977 3201 quem
992 3139 1083 3200 supro
1101 3119 1154 3178 its·

19 3230 78 3268 um
98 3207 234 3280 memini,
263 3207 406 3288 episcopis
428 3201 471 3264 od
491 3225 560 3264 suos
581 3200 724 3264 dioeceses
746 3199 999 3284 proficiscentibus
1017 3203 1155 3284 scripsit:

19 3292 49 3354 Se·
68 3288 145 3360 moli
168 3305 303 3371 pastores
323 3304 431 3366 essent,
454 3302 487 3348 ut
508 3289 703 3348 meminissent
724 3309 783 3348 non
803 3288 864 3346 iam
885 3284 972 3360 licere
989 3285 1049 3362 sibi
1068 3307 1155 3369 pros·

19 3371 143 3436 sentibus
165 3397 281 3434 munere
300 3371 449 3454 pastorali
466 3370 579 3459 fungi3
610 3369 644 3431 id
670 3375 746 3434 enim
767 3395 898 3431 summas
920 3393 981 3432 esse
999 3373 1156 3432 irrevetm

19 3463 87 3536 iae,
112 3475 139 3518 et
158 3455 304 3520 scandali
316 3456 454 3540 plenum,
473 3460 676 3538 praestareque
696 3454 827 3516 absentes
848 3479 923 3532 esss‚·
944 3469 977 3516 at
999 3469 1070 3517 tunc
1090 3477 1155 3517 reos

19 3544 132 3627 quidem
153 3549 213 3603 esse
239 3545 402 3604 uacationis
428 3565 498 3604 suae
518 3555 545 3600 et
566 3539 723 3604 obsessus.
765 3539 871 3624 Itaque
891 3561 951 3600 non
971 3537 1041 3600 licet
1057 3553 1156 3620 'proe-

19 3645 105 3690 sentes
126 3651 186 3688 esse
204 3629 232 3687 si
250 3625 326 3688 moli
345 3629 421 3705 sint,
446 3642 475 3687 et
494 3623 626 3686 absentes
649 3621 707 3686 non
728 3640 812 3686 erunt
832 3628 983 3707 impune.“
1025 3623 1103 3686 Vide
1123 3633 1155 3685 ot
1202 3641 1211 3662 ⁸

19 3714 156 3794 epistolas
178 3723 257 3789 octa,
279 3723 340 3774 tres
357 3709 400 3771 td
419 3715 640 3792 imperatorem,
662 3710 794 3790 quinquo
814 3710 855 3770 sd
876 3711 1051 3790 episcopos,
1075 3709 1156 3770 eius-

19 3801 84 3862 ism
113 3797 270 3860 Athanasii
296 3797 333 3856 ab
359 3795 468 3857 bodam
493 3791 639 3858 Tuerisno
665 3796 769 3856 Latina
787 3815 907 3872 vassas,
937 3803 967 3854 et
985 3793 1154 3856 Florentino
1227 3843 1231 3864 ,

19 3885 116 3958 ιιίἰῑιιΙ
131 3894 202 3966 post
221 3884 332 3941 librum
353 3882 392 3943 da
412 3882 584 3942 Residontia
605 3882 770 3942 Pastorum.
798 3880 918 3942 Videat
933 3899 994 3958 eus,
1010 3898 1154 3959 quosox·

19 3979 94 4030 stunt
111 3969 143 4028 in
159 3968 270 4028 Codice
283 3959 389 4045 Regio,
413 3967 485 4028 olim
498 3965 676 4026 Telloriuno.
711 3985 825 4036 somn.

49 4067 51 4070 ¹
96 4075 174 4155 Pog.
199 4074 277 4144 182,
297 4069 326 4135 6.
367 4057 547 4128 Athanasius
562 4068 628 4150 ipso
643 4069 675 4128 in
688 4071 795 4154 Neuqqi
808 4063 837 4147 *)
859 4086 913 4126 scu
929 4055 1047 4146 ζητήσει
1063 4082 1154 4141 supas

19 4157 163 4234 ndicsts,
183 4151 261 4240 nobe
282 4150 400 4226 τούτοις
412 4153 473 4252 qui
489 4152 615 4254 uouuxoi
630 4148 654 4235 ἢ
670 4147 865 4237 μονάσιριιιι,
886 4147 928 4234 μὴ
944 4145 1064 4234 διάγειν
1081 4139 1154 4212 deoi-

45 4323 78 4394 ι)
96 4321 165 4378 vite
182 4322 248 4377 css.
265 4322 332 4390 aeg.
348 4321 439 4394 usa.
458 4305 504 4386 oi.
520 4279 580 4388 stt.
599 4303 634 4377 v.
666 4333 769 4376 sona.

55 4422 58 4427 ·
84 4405 244 4478 Niceplsmus
258 4408 370 4480 (irogus.
393 4406 450 4490 Vol.
464 4405 499 4461 ll.
558 4479 562 4493 Ι
905 4390 949 4452 76
