2722 4770
256 295 492 365 fflsroamn
510 294 791 364 BYZAN'I'INAE
811 292 901 366 xv1.
914 303 946 366 7.
1074 287 1149 360 839

15 503 19 532 2
81 459 324 546 Ῥωμαίοιςέδοξεν
338 459 457 546 ἀγαθός
478 460 587 538 οίωνδς
607 461 659 526 καλ
680 465 810 545 μακρῶν
831 459 962 526 ἐλπίδων
975 460 1147 546 προσήκων.
1167 469 1195 524 λ.
1209 467 1314 524 eram

21 635 28 662 r
82 567 162 648 τδμίν
175 565 231 650 γάρ
255 567 403 630 ἐπιοῦσαν
424 561 593 643 δέξασθαι,
617 561 725 650 πρῖνή
745 565 975 650 προσδοκάσαι,
1001 566 1052 628 καί
1068 541 1314 663 duo-'mlffll'

15 705 16 720 ι
83 667 246 755 κρούσασθαι
260 668 318 751 τήν
335 675 398 732 τῶν
412 670 566 750 πολεμίων
581 665 705 754 ἔφοδον,
722 671 833 756 μακρῷ
847 691 905 730 τινι
919 663 1147 754 κραταιότερον,

25 769 27 790 '
82 771 248 856 ήπολεμίων
267 766 375 855 χάραν
398 768 493 836 αὐτόν
511 795 581 836 τινα
599 765 842 862 καταδραμόντα
870 767 1051 852 στήσασθαι
1074 766 1150 858 τρό-

25 873 26 908 ³
70 891 159 944 επαιον.
184 870 228 951 οἷς
249 873 309 959 γὰρ
326 874 358 949 ἐς
377 869 560 958 ὑπερορίους
575 875 771 956 ἐκστρατείας
791 868 1080 956 παρασκευάζεσθαι
1093 897 1149 955 με·

82 977 228 1062 μελέτητοι,
253 973 375 1053 τούτοις
390 976 431 1060 δὴ
451 979 503 1042 καὶ
520 983 668 1063 περιττῶς
681 1001 715 1041 τε
734 971 821 1057 μάλα
837 976 888 1040 καὶ
902 981 1048 1060 σοβαρῶς
1061 971 1183 1042 ‹inii-ll

83 1081 163 1157 ζιοθαι
176 1080 356 1164 ἀναγκαῖον,
378 1082 430 1145 καὶ
444 1077 547 1146 πάντα
562 1079 640 1166 πρὸς
653 1078 689 1145 τὸ
704 1078 840 1154 ἀνενδεές
851 1080 902 1142 καὶ
917 1075 1150 1165 φιλοτιμότερον

81 1181 105 1244 ἐκ
117 1188 217 1248 πολλοῦ
232 1189 289 1248 τού
302 1181 417 1268 χρόνον
433 1190 539 1264 τελεῖν,
563 1181 615 1248 ἀν’
633 1183 665 1248 ἐν
684 1182 832 1272 ἀλλοτρίηι
847 1188 886 1269 γῇ
900 1188 1058 1248 ποιεῖσθαι
1073 1181 1150 1264 μέλ-

81 1287 146 1348 loom
160 1285 211 1361 τάς
228 1282 406 1372 ὑπαίθρους
423 1288 680 1374 στρατοπεδείας·
709 1281 755 1362 οίς
769 1287 820 1350 καὶ
839 1287 865 1349 εί
877 1291 1001 1373 νικῷεν,
1025 1284 1151 1370 μέτριος

15 1407 16 1442 ι
56 1385 121 1466 ίομίι
133 1413 172 1464 τις
192 1389 294 1454 ἕπεται
314 1387 453 1470 ἔπαινος,
478 1396 592 1473 θαῦμα
609 1389 643 1456 δ’
667 1387 716 1470 ού,
741 1394 805 1454 τῶν
818 1384 1005 1473 παραδόξων
1026 1386 1151 1464 οὐδενός

15 1519 16 1526 2
80 1492 280 1575 πεπραγμένου,
307 1491 378 1557 ἀλλ’
402 1489 471 1569 ἐνὸς
491 1499 554 1559 τῶν
575 1490 636 1560 ὅσα
659 1498 721 1558 τῶν
743 1491 1006 1578 προσδοκωμένων
1026 1483 1075 1575 ἦν.
1104 1487 1150 1567 οἷς

79 1587 104 1686 d’
115 1592 179 1659 οἴκοι
188 1595 378 1680 καθημένοις
394 1593 639 1681 ἀπροσδοκήτοις
653 1595 690 1660 τό
704 1595 849 1676 πολέμιον
866 1591 958 1658 έπεισι
971 1599 1044 1674 πῦρ,
1064 1599 1151 1660 θαυ-

77 1695 191 1778 μαστόν,
211 1701 238 1763 εἰ
256 1698 301 1782 μή
325 1700 504 1782 ζημιωθεῖεν
518 1698 555 1765 τό
573 1701 635 1787 ζῇν.
664 1699 691 1764 εί
712 1698 746 1762 δέ
758 1699 903 1782 γενναίως
917 1699 968 1762 καὶ
985 1696 1246 1781 airammum

77 1788 349 1884 ἀνταγωνισαμένοις
369 1802 448 1884 μετὰ
469 1799 550 1868 πάνυ
574 1807 685 1888 μικράς
709 1803 759 1865 καί
776 1806 832 1885 τῆς
846 1795 1080 1886 προστυχούσης
1094 1802 1150 1864 δυ-

47 1894 173 1980 ί5ίύμεως
188 1903 305 1989 γίνοιτο
327 1902 599 1992 ἀποκρούσασθαι,
622 1911 714 1971 τοῦτο
732 1903 765 1969 δ’
786 1903 847 1988 ήδη
862 1905 914 1968 καλ
927 1899 1150 1987 θαυμάζεσθαι

71 1991 148 2078 ἄξων.
174 2010 200 2072 εί
219 2009 320 2073 δὲκαὶ
341 2005 424 2075 ούτω
439 2006 746 2096 κατατροπιύσασθαι
760 2007 876 2094 γένοιτο
884 2055 895 2088 ,
920 2003 964 2084 ὥς
975 2006 1056 2092 μηδὲ
1071 2031 1151 2092 πνρ-

68 2101 151 2193 piper
170 2115 347 2198 λελεῖφθαι,
372 2110 409 2177 τὸ
423 2110 462 2197 δή
477 2110 650 2199 λεγόμενον,
669 2116 763 2178 τοῦτο
778 2113 798 2175 δ
803 2109 813 2135 ’
831 2110 953 2176 ἐκείνων
965 2115 1076 2198 μακρῷ
1091 2135 1149 2176 τινε

62 2209 181 2280 Βέλτιον.
223 2211 290 2302 (E.)
316 2211 416 2298 Καλή
434 2215 491 2298 μέν
506 2214 609 2301 πεζικὴ
631 2221 695 2282 τῶν
708 2217 842 2299 Περσῶν
862 2214 959 2298 ἐκείνη
976 2208 1106 2296 δύναμις
1120 2213 1153 2288 ἐς

58 2319 144 2380 τοῦτο
161 2313 257 2401 τύχης
277 2313 422 2400 ἐλήλαται
445 2320 497 2383 καλ
517 2316 696 2406 ἠφάνισται.
723 2323 780 2401 τής
796 2315 829 2382 δ’
846 2315 971 2401 ἱππικῆς
984 2313 1112 2382 κατόπιν
1132 2312 1148 2382 ό

15 2393 195 2496 hauriatis
213 2421 246 2496 ἐξ
259 2417 458 2506 Ὀρεστιάδος
479 2421 536 2506 τήν
556 2422 659 2499 δίωξιν
680 2419 989 2504 κατεσπουδασμένην
1008 2418 1087 2503 μετά
1098 2421 1178 2503 χι-Β

51 2521 125 2587 δίων
151 2522 269 2588 ῖππέων
295 2524 485 2608 πεποιηκὼς,
516 2521 681 2611 ἐπειδήπερ
706 2520 910 2600 ἀσυντάκτοις
930 2523 964 2588 ἐκ
988 2529 1046 2607 τῆς
1070 2525 1153 2600 λείας

48 2622 303 2710 ἀναζευγνύουσιν
320 2624 514 2712 ἐντετύχηκε,
544 2627 619 2704 τοδς
640 2628 699 2712 μέν
721 2627 917 2713 τριακοσίους
938 2622 1152 2711 ἀπηντηκότας

48 2726 207 2811 ε’ἀτόλμως
234 2727 324 2816 ἐργον
353 2729 490 2818 ἀπέφηνε
513 2732 642 2820 ξίφους·
675 2727 721 2806 oie
743 2731 778 2796 δέ
795 2726 963 2817 ’πόρρωθεν
979 2728 1152 2794 αἰσθέσθαι

52 2831 226 2916 ξυνηνέχθη
250 2839 308 2916 τῆς
327 2830 449 2917 μάχης,
472 2831 596 2911 τούτοις
612 2835 648 2901 δέ
668 2839 751 2922 φυγῇ
772 2832 829 2917 τήν
842 2833 997 2920 σωτηρίαν
1009 2833 1081 2916 δίχα
1096 2836 1153 2916 τῆς

15 2935 36 2992 ἶ
48 2937 133 3011 λείας
146 2936 329 3021 πορίζεσθαι
344 2937 490 3022 ἐξεγένετο
505 2934 639 3024 σποράσι
654 2940 705 3002 καὶ
718 2932 930 3012 ἀσυντάκτοις.

46 3065 113 3118 rium
129 3081 189 3117 eoae
200 3064 285 3117 marm
299 3069 350 3128 cat,
367 3071 396 3118 et
408 3082 516 3134 magnae
528 3065 597 3136 τρεῖ
615 3065 765 3120 melodium.
790 3063 898 3118 Scilicet
908 3063 1068 3146 ingruentem
1082 3059 1153 3116 exei-

49 3151 124 3204 pere‚
143 3133 294 3204 priusquam
305 3135 476 3203 praevideris,
491 3145 519 3188 et
530 3153 578 3205 rep
614 3153 658 3190 ere
670 3136 778 3187 boetium
786 3135 918 3203 impetum,
927 3137 1011 3186 virtue
1022 3141 1063 3186 eet
1073 3131 1153 3185 multo

45 3201 138 3264 maior,
156 3219 230 3270 quem
245 3203 268 3254 εἰ
282 3203 339 3272 quie
351 3204 422 3256 lecta
435 3205 461 3256 in
476 3205 595 3257 hostilem
615 3221 706 3326 αχτοοι
722 3203 871 3256 excursione
890 3210 1024 3272 tropaeum
1045 3207 1153 3257 memet.

46 3270 183 3340 Aquibua
200 3271 266 3324 enim
287 3272 482 3342 praemeditatio
504 3273 597 3327 bellum
616 3291 632 3326 a
650 3290 741 3327 vereuc
764 3279 867 3325 exterae
886 3281 979 3342 genten
1002 3280 1152 3340 apparatur,

44 3357 92 3393 eoa
106 3339 237 3392 cumulate
251 3347 280 3392 et
293 3341 427 3411 eplendide
441 3343 580 3395 instructoe
593 3361 652 3396 ease
670 3360 775 3396 neeriae
789 3349 845 3408 eat,
863 3348 890 3395 et
903 3340 986 3394 omnia
1004 3341 1037 3392 ad
1050 3339 1153 3410 plenum

45 3408 126 3477 longo
148 3417 211 3462 ente
226 3409 367 3479 diligenter
381 3411 431 3463 eibi
447 3429 626 3481 compararee3
643 3418 672 3466 ut
690 3411 784 3481 quibua
801 3415 908 3464 externo
923 3411 949 3463 in
966 3409 1022 3462 eolo
1040 3411 1089 3462 eub
1107 3409 1152 3463 dio

44 3478 285 3531 castrametandum
301 3479 352 3532 cite
377 3489 405 3532 et
422 3479 443 3532 ii
458 3481 576 3564 quidem,
594 3483 618 3534 ei
630 3481 749 3544 vinmnt,
768 3479 921 3534 mediocrem
942 3478 1041 3532 laudem
1063 3497 1154 3532 conee-
1244 3529 1247 3532 .

43 3557 175 3617 quantur,
193 3565 242 3600 nec
255 3547 360 3612 mirum;
379 3565 436 3602 cum
448 3550 512 3602 nihil
527 3555 633 3621 praeter
646 3549 800 3621 opinionem,
818 3566 907 3603 verum
920 3549 946 3601 id
962 3548 1031 3620 quod
1048 3547 1153 3618 praevi-

43 3633 100 3669 aum
115 3623 190 3678 eret,
208 3623 310 3685 gestum
324 3619 357 3670 ab
372 3618 404 3670 iic
419 3619 508 3671 luerit.
544 3619 644 3682 Quibus
658 3637 720 3672 vero
734 3619 802 3671 domi
814 3618 976 3682 sedentibus,
995 3635 1042 3670 nee
1058 3619 1151 3687 opina-

44 3686 91 3746 εῖτ,
112 3684 217 3738 hoctilie
231 3685 332 3739 flamme
345 3689 508 3756 supervenit,
526 3687 615 3740 mirum
629 3688 678 3742 nisi
692 3688 712 3740 ii
725 3688 781 3740 rite
794 3689 957 3742 mulctentur.
993 3687 1070 3751 Quod
1083 3688 1108 3739 ei
1117 3686 1151 3740 ii·

45 3753 104 3806 dem
121 3762 230 3807 ctrenue
246 3755 419 3827 audacterque
434 3757 586 3827 pugnaudo,
603 3775 686 3826 parva
700 3757 833 3810 admodum
853 3763 879 3810 et
896 3756 1006 3810 fortuita
1024 3756 1151 3811 hominum

46 3839 153 3888 mnne,
171 3825 272 3877 boetem
286 3826 446 3894 repulerint,
463 3825 490 3877 id
503 3825 606 3895 quidem
622 3827 673 3880 iam
691 3825 860 3879 admiratione
876 3825 988 3894 dignum.
1025 3827 1096 3879 Atei
1113 3825 1151 3880 ita

45 3893 244 3957 debellaverint,
262 3899 291 3946 nt
306 3911 354 3946 nec
367 3895 472 3962 ignifer,
491 3895 558 3964 quod
571 3896 658 3958 aiunt,
682 3896 790 3948 relictus
806 3895 851 3958 eit,
869 3895 895 3946 id
910 3911 971 3947 vero
985 3895 1060 3962 longe
1076 3911 1152 3964 pree·

46 3960 218 4014 clarissimum
233 3969 281 4014 eat.
319 3964 381 4031 (V.)
400 3967 438 4016 Ae
454 3964 584 4032 pedestris
597 3965 698 4034 quidem
709 3964 754 4016 illa
768 3963 906 4016 Persarum
920 3979 1009 4016 manue
1023 3981 1078 4016 eum
1094 3967 1152 4019 exi·

45 4035 97 4083 mm
109 4031 206 4084 sertim
223 4039 251 4082 et
261 4031 290 4083 in
304 4032 372 4084 huuc
385 4032 485 4086 modum
499 4033 587 4087 deleta
598 4042 648 4087 eat.
683 4033 833 4103 Equitetum
847 4041 932 4084 eutem
945 4033 1002 4101 ipse
1014 4033 1152 4104 imperator

47 4100 78 4151 ab
100 4101 167 4154 arbe
186 4099 327 4152 Oreetiede
347 4117 403 4154 cum
423 4103 553 4170 equitibus
571 4103 641 4156 mille
661 4102 781 4154 celeriter
799 4119 876 4172 perse
896 4109 987 4166 uutue,
1009 4111 1120 4168 etatae
1136 4123 1153 4159 a

48 4169 142 4234 praeda
160 4168 326 4238 recipiebant
340 4169 500 4224 inordinatos
516 4179 623 4235 nactur,
640 4177 772 4224 trecentos
786 4169 832 4240 qui
847 4119 972 4222 audacter
985 4181 1153 4228 occurrerent

48 4235 113 4291 leno
128 4237 240 4292 delevit.
274 4238 396 4304 Caeteri,
415 4256 472 4291 cum
485 4259 501 4293 e
515 4240 654 4310 longinquo
669 4255 779 4309 pugnam
796 4239 866 4292 illem
882 4237 1036 4310 oeneieaent,
1054 4246 1152 4314 praeda

49 4307 154 4374 uniam,
173 4306 295 4379 palantes
303 4307 471 4380 vdispersique
484 4311 550 4379 lngo
563 4309 642 4362 euluti
655 4309 843 4362 consuluerunt

453 4427 740 4446 Ἤ
